3454 5816
434 857 498 918 480
679 871 845 920 nnornrra
868 871 1041 920 armarent
1064 869 1262 919 enaouronn

478 1055 557 1121 Fuit
579 1056 790 1122 abstinentiae
813 1056 866 1119 vir
888 1060 923 1120 et
945 1055 1089 1141 pietatis,

478 1157 627 1243 Reliquit
650 1158 830 1224 Lincolniee
853 1158 964 1223 sedem
987 1177 1081 1222 suam
1104 1157 1215 1242 gratis.

477 1260 531 1324 Ad
554 1259 736 1326 Romanam
759 1259 884 1324 curiam
906 1280 985 1324 mox
1006 1259 1098 1324 adire
1121 1259 1230 1344 coepit,

477 1364 508 1424 A
528 1383 656 1426 summo
679 1361 833 1447 pontifice
856 1361 994 1447 pallium
1017 1359 1147 1446 recepit.

478 1463 627 1527 Divertit
649 1462 685 1526 in
709 1463 874 1548 Auginum,
901 1462 1003 1527 fratre
1023 1462 1095 1546 jam
1122 1465 1289 1547 regnante,
1419 1503 1427 1518 ·

480 1563 524 1628 lec
546 1563 669 1630 multas
692 1563 830 1649 injurias
854 1563 918 1628 sibi
942 1567 1162 1650 perpetrante,

479 1665 566 1744 Quia
588 1665 707 1752 praesul
734 1665 842 1730 noluit
866 1665 962 1730 malis
988 1664 1181 1740 consentire,

479 1768 647 1833 Johannes
670 1767 712 1832 ab
738 1769 861 1853 Anglia
880 1767 969 1854 cogit
991 1766 1080 1833 huno
1102 1766 1198 1832 exire.

480 1871 523 1935 Et
546 1871 649 1956 ipsius
672 1871 782 1935 omnia
806 1871 893 1934 bona
915 1869 1143 1946 confiscantur,

480 1973 524 2037 Et
546 1973 588 2037 ad
612 1994 707 2038 usum
731 1973 858 2056 regium
882 1973 1008 2058 integre
1031 1975 1214 2036 servantur.

479 2074 634 2140 Summus
659 2074 872 2140 Innocentius
896 2079 1009 2158 pastor
1031 2077 1071 2137 ut
1093 2073 1233 2150 audivit,

479 2175 659 2240 Interdixit
681 2175 837 2260 Angliam
860 2174 940 2238 dum
963 2195 1030 2239 non
1053 2173 1203 2239 obedivit

478 2278 551 2342 Rex
574 2277 708 2362 iniquus
731 2276 859 2362 legibus
881 2277 950 2340 suis
973 2281 1012 2340 ut
1035 2275 1177 2353 deberet,

477 2380 542 2444 Sed
566 2379 688 2444 multas
710 2378 849 2464 injurias
871 2399 972 2464 regno
995 2379 1180 2442 sustineret.

476 2480 716 2546 Transmarinis
739 2480 889 2566 partibus
913 2478 1081 2546 Galfridus
1104 2483 1261 2554 moratur,

479 2582 607 2647 ibidem
630 2581 826 2668 defungitur
848 2587 949 2666 atque
972 2579 1167 2646 tumulatur.

477 2685 566 2750 Huic
588 2684 705 2749 Petrus
727 2683 909 2750 rhetoricus
931 2683 1094 2748 Bleeensis
1117 2681 1260 2761 honoris,

477 2786 707 2872 Transumpsit
728 2785 901 2850 historiam
924 2783 1058 2849 wilfrid
1083 2783 1237 2851 Senioris.

477 2888 550 2967 Quo
573 2887 728 2954 defuneto
751 2886 907 2954 cathedra
929 2891 1060 2973 pmtore
1084 2887 1225 2962 vaeavit,

477 2987 522 3053 Et
543 3011 602 3074 per
624 3009 727 3054 annos
750 2993 893 3073 quatuor
914 2987 985 3053 seia
1007 2986 1210 3073 perduravit,

477 3091 591 3176 Usque
613 3091 699 3176 regis
723 3089 878 3154 ultimum
901 3088 1066 3156 Johannis
1089 3088 1133 3154 ad
1155 3109 1288 3166 annum,

478 3193 544 3272 Qui
566 3193 725 3279 regnandi
747 3197 893 3278 tempore
916 3192 995 3258 feeit
1016 3213 1116 3278 grave
1139 3191 1305 3257 damnum

335 3339 361 3373 e„
478 3295 568 3380 Gray
591 3295 758 3360 Walterus
781 3299 903 3379 postea,
927 3293 1048 3380 praesul
1071 3292 1306 3379 Wigernensis,
1330 3295 1446 3358 xxxiii.

292 3406 343 3440 Μ·
477 3396 568 3460 Tunc
591 3395 854 3482 archiepiscopus
876 3395 917 3460 fit
939 3394 1161 3462 Eboracensia
1402 3395 1479 3480 [375

477 3497 538 3562 Ille
561 3499 629 3562 suis
651 3497 838 3583 sumptibus
862 3497 976 3562 villam
999 3496 1174 3582 adoptavit

477 3600 614 3686 Thorpe,
638 3605 672 3664 et
694 3599 930 3666 successorihus
953 3599 1022 3663 suis
1044 3597 1234 3684 assignarit

475 3701 553 3766 Tres
575 3707 671 3787 parat
693 3701 902 3786 presbyteros
926 3721 1018 3766 saera
1041 3699 1279 3776 ministrantes,

478 3803 647 3868 Michaelis
669 3803 798 3888 porticu
821 3803 880 3868 diu
903 3802 1112 3868 celebrantes.
1416 3805 1481 3866 380

477 3903 585 3989 Capas
608 3903 702 3969 dedit
723 3905 840 3970 sericas
864 3904 954 3970 Indii
977 3903 1093 3970 eoloris

477 4007 607 4092 Viginti
630 4027 688 4071 sex
711 4006 853 4091 optimas
876 4011 911 4072 et
933 4006 1045 4092 magni
1068 4005 1197 4070 veioris.

477 4109 547 4174 Ivit
569 4125 627 4195 per
649 4108 853 4194 provinciam
876 4129 989 4175 euram
1012 4107 1242 4184 ministrando,

477 4211 522 4275 Et
544 4212 590 4276 sie
612 4233 671 4300 per
693 4209 869 4296 Riponiam
892 4210 998 4276 locum
1022 4211 1200 4287 visitando,

476 4311 621 4375 Wilfn'di
644 4311 800 4396 reliquias
823 4311 863 4375 de
887 4309 984 4376 theca
1005 4309 1140 4386 levavit,
1415 4315 1479 4378 385

477 4415 518 4478 In
541 4435 671 4499 capsam
693 4417 884 4497 argenteam
907 4412 1006 4498 digne
1029 4411 1210 4478 collocavit.

476 4516 628 4601 Triginta
649 4515 815 4582 continuis
838 4519 939 4600 atque
962 4535 1082 4578 novem
1104 4515 1209 4590 annis,
1259 4533 1262 4540 ’

476 4617 573 4710 Hane
595 4617 682 4680 rexit
704 4615 870 4683 eeclesiam
895 4621 970 4701 post
992 4622 1129 4681 mortem
1153 4605 1322 4680 Johannis.
