3606 5798
613 892 694 942 nnn
716 891 761 941 or
783 891 829 941 sr.
852 888 1015 940 wmrmu.
1271 869 1337 935 289

282 1077 512 1164 amplexibus3
534 1078 592 1142 sed
614 1081 781 1143 maternos
796 1076 894 1142 fletus
916 1073 1063 1140 filialiter
1085 1070 1174 1136 lilius
1190 1087 1339 1154 arguens,

284 1179 450 1266 singultus
473 1181 612 1259 sedavit,
629 1182 832 1265 emergentes
854 1177 998 1264 gemitus
1020 1175 1058 1238 in
1079 1173 1191 1238 sinum
1213 1167 1335 1234 mentis

284 1282 373 1347 unde
406 1282 597 1368 prodierant
629 1281 774 1358 retrusit,
798 1279 887 1346 clara
908 1298 989 1343 voce
1020 1274 1226 1362 proclamans
1249 1269 1338 1356 quod

285 1403 344 1468 per
375 1381 473 1448 Beati
504 1381 664 1447 Willelmi
701 1380 820 1446 merita
858 1378 974 1444 mortis
1012 1378 1049 1440 in
1087 1397 1164 1440 eum
1201 1370 1337 1438 vincula

285 1483 422 1550 fuerunt
444 1489 596 1550 reserata.
644 1483 743 1548 Plebs
765 1503 895 1568 quoque
918 1480 1056 1567 planctu
1078 1477 1177 1564 plena
1199 1479 1333 1559 stupore

287 1585 495 1666 concutitur3
516 1586 638 1652 clemor
669 1585 706 1648 in
728 1583 870 1650 climatis
904 1586 1015 1668 partes
1048 1579 1189 1654 levatur,
1212 1575 1337 1663 gratias

287 1685 432 1753 referens
462 1687 646 1774 gratiarum
669 1683 887 1762 distributori,
909 1682 998 1769 quod
1029 1681 1127 1746 beato
1159 1676 1336 1744 confessori

289 1787 456 1854 Willelmo
493 1787 561 1854 tale
598 1788 773 1874 praemium
818 1785 963 1872 praebuit
1000 1781 1089 1868 quod
1133 1777 1257 1845 morbis
1303 1783 1339 1842 et
1420 1853 1423 1858 ¹

290 1889 454 1956 mortibus
499 1889 684 1976 imperaret
747 1889 888 1975 Insuper
933 1885 978 1951 ad
1015 1881 1223 1950 mirificando.
1269 1879 1333 1946 Dei

289 1991 448 2058 miracula
478 1992 676 2057 catervatim
707 1995 846 2058 currunt
884 1988 1069 2053 Eboracum
1107 2005 1183 2050 cum
1221 2003 1337 2069 paren·

290 2091 381 2158 tibus
413 2092 639 2178 compatriotae
661 2113 730 2157 rem
764 2097 891 2178 gestam
925 2110 1001 2155 cum
1032 2085 1218 2152 resuscitati
1251 2083 1345 2150 testi-

291 2193 403 2259 monio
440 2193 627 2271 referentes,
672 2199 708 2259 et
751 2191 946 2260 relationem
984 2209 1079 2256 suam
1119 2185 1341 2274 jurisjurandi

292 2295 451 2382 religione
473 2295 732 2382 comprobantes.

496 2495 545 2562 Dc
566 2493 690 2562 invido
712 2493 905 2582 appellante
926 2492 1150 2560 innocentem.

340 2643 425 2710 Oum
448 2645 584 2732 quidam
615 2645 758 2711 rusticus
788 2643 945 2710 robustus
967 2647 1003 2708 et
1035 2641 1140 2708 livore
1162 2641 1280 2729 plenus
1304 2664 1345 2708 ex
1361 2657 1457 2708 Amen
1481 2721 1485 2730 ,

296 2747 524 2834 proximorum
578 2745 796 2836 prosperitate
851 2749 1071 2822 marcesceret
1118 2765 1160 2809 ex
1205 2746 1343 2811 alterius
1358 2724 1485 2840 {ffi'l

283 2848 469 2934 opulentia
505 2849 600 2915 fieret
645 2850 749 2935 inope,
789 2853 823 2913 et
861 2868 903 2912 ex
940 2846 1099 2912 felicitate
1145 2847 1274 2925 infelix,
1312 2849 1349 2912 in
1364 2855 1515 2922 neighbour.

298 2951 463 3035 quendam
494 2952 730 3018 convicaneum
769 2970 874 3026 suum,
908 2949 1031 3014 virium
1068 2948 1194 3014 virtute
1231 2971 1350 3036 parum

300 3052 470 3130 virentem,
502 3053 648 3118 stimulis
685 3051 823 3117 invidiae
846 3051 949 3136 coepit
981 3050 1109 3136 agitari.
1173 3051 1275 3131 Quasi
1313 3053 1350 3117 in

298 3153 466 3240 sartagine
502 3153 600 3218 frixis
637 3153 800 3232 medullis,
838 3150 1018 3218 ebulliebat
1057 3152 1197 3218 interius
1243 3153 1341 3231 livor,

300 3254 411 3320 omnia
450 3255 598 3340 perfidiae
636 3255 813 3341 eoagulans
851 3259 887 3320 et
924 3274 1109 3340 excoquens
1146 3263 1350 3341 argumenta,

301 3357 463 3442 quomodo
501 3363 613 3443 posset
651 3357 688 3422 in
725 3357 797 3442 ejus
840 3361 981 3421 mortem
1025 3355 1216 3422 machinari.
1277 3359 1352 3425 Hac

301 3479 378 3544 ergo
393 3458 493 3524 sudat
514 3459 663 3539 insania3
685 3457 828 3544 gaudere
850 3457 956 3523 nescit
978 3457 1081 3524 donec
1096 3457 1176 3542 quid
1199 3459 1351 3526 inveniat

303 3581 367 3644 quo
390 3559 550 3646 gaudium
574 3561 645 3646 ejus
669 3561 706 3624 in
727 3581 905 3638 maerorem,
929 3564 963 3624 et
985 3559 1113 3626 cithara
1135 3567 1349 3628 eonvertatur

303 3661 340 3725 in
377 3661 514 3727 luctum.
573 3661 628 3726 Ad
665 3663 752 3728 hanc
789 3661 893 3748 igitur
930 3661 1175 3727 defunctionem
1214 3665 1352 3730 malitiae
1367 3679 1466 3743 barsel>v

302 3761 461 3840 minister,
486 3761 672 3828 dolositatis
694 3763 817 3838 doctor,
840 3761 998 3828 scelerum
1033 3782 1167 3827 suorum
1189 3767 1354 3851 congessit
1367 3747 1492 3862 {lffih

302 3863 455 3941 officinae,
471 3869 511 3928 ut
534 3885 610 3929 eum
632 3870 710 3930 ante
726 3862 874 3930 tribunal
896 3863 1067 3949 publicum
1089 3886 1188 3950 super
1210 3867 1354 3934 incendii
1366 3893 1451 3930 maon.

304 3967 440 4032 crimine
463 3965 680 4031 criminaliter
702 3965 853 4043 deferret,
876 3964 1022 4030 delatum
1046 3965 1202 4046 vinceret,
1226 3969 1353 4036 victum

304 4067 527 4133 membrorum
574 4067 787 4132 mutilatione
820 4066 1100 4133 inconsolabiliter
1145 4069 1351 4138 deformaret

306 4169 358 4248 Et,
381 4167 468 4234 sicut
499 4167 595 4234 corde
626 4173 780 4254 corrupto
803 4168 995 4252 composuit,
1030 4171 1171 4234 mentita
1203 4175 1254 4235 est
1291 4172 1356 4236 ini·

303 4271 416 4356 quites
438 4269 511 4335 sibi.
565 4269 680 4347 Adest,
703 4270 824 4356 itaque,
861 4269 1011 4356 lugubris
1045 4272 1222 4355 spectaculi
1261 4272 1356 4338 dies:

839 4379 926 4452 Capit
947 4397 1014 4436 aree
1036 4381 1128 4438 tristis

442 4477 563 4534 Consilii
586 4477 723 4534 deformis
745 4495 825 4550 opus.

349 4569 557 4636 Venenatam
577 4570 725 4656 linguam
748 4591 843 4637 suam
866 4571 996 4638 relaxat
1017 4579 1186 4640 accusator
1208 4575 1252 4641 ad
1281 4597 1356 4662 per·
1370 4597 1508 4650 mettun

246 4739 251 4754 ,
299 4671 409 4757 juria;
431 4671 564 4758 prosilit
578 4673 621 4738 ad
644 4673 731 4738 ictus
746 4673 818 4754 ire,
839 4672 926 4739 livor
940 4675 983 4739 ad
1006 4673 1154 4756 luctum;
1177 4677 1355 4744 crudelitas
1369 4665 1481 4782 iss‘ffi}
1492 4667 1526 4730 bl

302 4773 346 4838 ad
362 4793 518 4840 cruorem.
557 4773 705 4841 Imbellis
726 4793 871 4862 namque
892 4777 983 4844 cadit
1005 4776 1041 4842 in
1064 4776 1158 4856 bello,
1182 4778 1219 4844 in
1242 4791 1356 4868 campo
1369 4747 1427 4782 ⁰⁰⁸¹

396 4884 490 4937 ons.
526 4959 528 4964 Ι
777 4889 782 4902 ·
1201 4910 1223 4959 Τ
