3582 5798
741 863 824 916 vm
846 865 970 917 omem
993 864 1148 917 osonum

461 1681 653 1774 vrrA
709 1679 1424 1822 sono-rroswrnnr

615 1855 1264 1952 Anonrnrrsoorr.

440 2277 606 2363 Prologco
626 2277 789 2364 magistri
810 2276 932 2345 sceau
954 2277 1095 2343 Primis
1124 2275 1369 2362 We'yormc'enoie
1391 2276 1434 2342 in

593 2380 710 2448 Vitam
732 2381 853 2448 Sancti
879 2379 1029 2448 Oewuldi
1052 2378 1304 2468 archiepiscopi.

463 2517 660 2585 Sanctorum
695 2519 904 2606 frequentare
935 2519 1136 2597 memorium,
1167 2523 1325 2603 cetusque
1356 2519 1468 2584 crebro

416 2625 574 2711 replicere
597 2626 633 2690 in
656 2627 854 2712 exemplum,
870 2627 1036 2692 virtutum
1059 2625 1224 2712 profectus
1246 2629 1306 2704 eet,
1321 2625 1467 2690 defectus

248 2751 303 2801 The
314 2752 382 2816 good
418 2729 583 2794 vitiorum.
644 2727 841 2793 Jumentum
871 2727 960 2792 enim
982 2727 1118 2794 Domini
1141 2727 1342 2793 vestimento
1363 2727 1467 2792 colret

246 2817 455 2934 gfffifflnossfin
477 2832 542 2910 vie,
565 2853 641 2898 cum
664 2831 753 2918 quod
784 2830 926 2895 arduum
957 2835 1008 2896 eet
1038 2851 1077 2896 co
1100 2829 1286 2896 fiducialius
1316 2829 1467 2918 aggredi-

248 2950 293 3000 the
305 2949 397 3002 Setun.
418 2957 503 3012 mur,
527 2956 592 3019 quo
614 2933 657 2998 cb
680 2933 754 2998 eliis
776 2931 879 2997 fuerit
908 2931 1049 2998 feliciter
1070 2937 1317 3018 attemptatum.
1374 2931 1466 2996 Inhi-

416 3038 488 3103 bito
525 3057 655 3122 quoque
693 3035 888 3121 propensius
937 3033 1141 3101 declinamus
1179 3057 1244 3122 quo
1282 3035 1467 3100 revolvitur

413 3139 509 3205 nobis
531 3138 702 3226 gloriosior
723 3137 893 3224 generatio
912 3142 1062 3217 ventura,
1079 3143 1113 3203 ct
1135 3137 1252 3203 finium
1275 3143 1371 3204 terme
1392 3159 1465 3204 cen-

414 3263 492 3307 sure
515 3240 704 3306 districtior.
754 3237 796 3302 In
818 3238 871 3304 his
893 3239 1008 3324 itaque
1031 3239 1184 3325 occupari
1206 3240 1341 3325 prodest
1362 3239 1466 3326 pluri-

415 3365 515 3420 mum,
547 3343 605 3406 ubi
643 3341 878 3428 profectiorum
917 3361 991 3427 spes
1024 3342 1157 3407 fovetur
1186 3343 1222 3406 in
1255 3343 1399 3428 praemio,
1432 3346 1467 3406 et

415 3445 651 3531 simpliciorum
674 3443 755 3508 fides
778 3443 814 3506 in
837 3441 997 3530 exemplo.
1043 3443 1187 3509 Proinde
1210 3444 1352 3522 ecclesio,
1368 3449 1408 3508 ut
1430 3444 1466 3507 in

415 3569 454 3613 ee
491 3545 699 3622 aedificemur,
737 3545 919 3630 prudenter
957 3545 1094 3632 colligit,
1131 3545 1246 3612 recolit
1291 3546 1467 3633 diligenter

414 3649 596 3713 illustrium
630 3647 777 3712 virorum
809 3648 915 3713 vitam
949 3649 986 3712 in
1021 3649 1088 3727 vie,
1124 3669 1206 3734 quos
1243 3649 1465 3734 pertransiens

415 3749 521 3816 Belial
559 3750 595 3814 in
629 3749 776 3816 dolorem
813 3750 930 3816 metris
964 3749 1132 3828 contrivit,
1164 3771 1312 3836 quosque
1350 3750 1465 3836 religio

414 3853 530 3919 invida
563 3851 688 3917 mundo
722 3852 794 3916 eine
829 3851 990 3937 eengrrine
1025 3851 1187 3937 sepelivit.
1249 3851 1339 3918 Hinc
1370 3852 1465 3917 flores

413 3978 571 4034 rosarum,
594 3955 674 4021 hinc
696 3953 837 4020 odorans
860 3953 969 4018 lilium
992 3953 1203 4020 convallium.
1251 3953 1307 4021 Sic
1329 3955 1418 4020 enim
1444 3976 1465 4020 a

412 4059 540 4125 dextris
563 4063 597 4123 et
619 4079 640 4124 e
661 4055 806 4122 sinistris
833 4055 976 4122 occurrit
1006 4056 1102 4122 nobis
1132 4057 1169 4121 in
1192 4057 1246 4122 die
1269 4056 1348 4123 belli
1370 4057 1465 4122 forti-

412 4164 493 4229 tudo
517 4165 713 4246 martyrum,
736 4181 757 4224 a
780 4159 906 4224 dextris
929 4158 1159 4244 triumphante
1189 4159 1367 4225 tolerantia
1388 4180 1463 4225 con-

411 4266 580 4330 fessorum.
637 4262 688 4327 De
712 4282 852 4348 quorum
874 4283 1012 4328 numero
1034 4281 1185 4328 normam
1202 4261 1347 4348 justitiae
1370 4263 1465 4328 nobis
1501 4293 1504 4298 ·

411 4366 560 4432 insonuit
582 4363 735 4430 veritatis
758 4385 919 4449 organum
951 4365 1075 4429 Beatus
1099 4363 1285 4443 Osweldns,
1307 4386 1406 4450 quem
1430 4366 1466 4430 in

411 4491 508 4537 corne
531 4472 684 4553 egentem
710 4466 875 4532 exaltavit
907 4465 998 4533 Deus
1030 4467 1067 4531 in
1090 4467 1226 4534 ecclesie
1247 4467 1361 4554 plebis,
1385 4490 1452 4554 quc

411 4573 503 4639 tinus
527 4567 598 4655 ejus
624 4567 791 4633 mediante
814 4567 982 4636 industrie
1004 4568 1123 4635 fierent
1144 4588 1250 4655 preve
1272 4569 1309 4633 in
1332 4569 1467 4648 directe,

411 4674 628 4740 evacuaretur
649 4689 779 4734 morum
805 4669 990 4755 turpitudo,
1013 4675 1217 4756 mergeretur
1239 4670 1400 4756 iniquiter
1431 4673 1467 4736 in

410 4775 612 4866 profundum
634 4793 693 4860 per
715 4771 822 4859 legem
845 4771 926 4838 vitae
949 4777 984 4837 et
1005 4771 1198 4860 disciplinae.
1245 4773 1288 4838 In
1313 4795 1379 4862 quo
1401 4775 1465 4841 etei
