3410 5840
551 857 735 910 erraneum
759 858 784 908 s.
809 858 992 910 rvrmumu.
1223 851 1287 914 535

237 1043 393 1110 continuo
425 1051 576 1112 vexetur.
637 1049 761 1114 Eodem
796 1051 850 1115 die
888 1051 932 1116 ed
969 1051 1156 1136 sepulcrum
1196 1053 1293 1123 Beati

240 1146 396 1213 Wilielmi
419 1156 494 1234 post
516 1151 627 1218 tabem
643 1153 782 1218 multem
805 1153 1092 1232 vomitam,etian1
1115 1155 1294 1220 sanitatem
1361 1159 1365 1171 “

238 1270 310 1316 rece
335 1251 370 1316 it.

284 1271 336 1418 Άξ
359 1353 456 1420 Feria
486 1374 564 1420 vero
602 1360 697 1421 sexta
728 1355 851 1421 femina
883 1357 1035 1441 quaedam
1069 1357 1111 1421 de
1146 1357 1293 1423 Eboraco
1307 1369 1411 1420 norim

239 1453 319 1518 setis
343 1456 483 1541 cognite,
506 1456 603 1522 anuis
635 1461 761 1543 septem
785 1477 870 1523 caeca
893 1457 1009 1525 effecta
1032 1464 1091 1536 est,
1114 1465 1149 1524 et
1174 1461 1217 1528 ‚in
1241 1462 1290 1525 in·
1305 1452 1460 1553 yffi&

238 1553 413 1621 ferioribus
435 1556 631 1624 infirmitate
653 1558 849 1646 gravissime.
870 1559 967 1624 annis
989 1559 1142 1646 plurimis
1157 1568 1291 1640 vexata,

239 1658 362 1724 ibidem
385 1666 515 1746 recepto
539 1662 614 1727 visu
648 1661 690 1727 de
723 1660 919 1729 infirmitate
952 1663 1110 1728 exteriori
1135 1670 1169 1728 et
1204 1666 1292 1730 inte-

240 1759 320 1824 riori
336 1761 518 1828 convaluit.

285 1862 338 1927 21.
360 1863 439 1928 Alie
472 1863 623 1948 quaedcm
647 1865 689 1928 de
712 1864 854 1943 Morton,
877 1871 967 1931 terra
988 1865 1144 1932 videlicet
1177 1865 1292 1934 Sancti
1307 1876 1442 1924 Awoman

240 1963 339 2042 Petri,
363 1987 438 2032 cum
462 1986 581 2052 panem
604 1967 684 2032 vitae
715 1967 858 2052 quedam
883 1968 964 2052 [die]
989 1975 1141 2046 sumeret,
1174 1991 1290 2038 ranam
1305 1941 1453 2058 {ffimffl'

240 2085 341 2130 unam
376 2065 412 2130 in
446 2067 517 2152 ipso
552 2089 636 2154 pane
674 2069 738 2134 sibi
777 2069 953 2136 caritativo
991 2070 1070 2135 dato
1107 2071 1292 2137 nescienter
1307 2073 1386 2134 Yon,

241 2167 409 2232 decoctam
424 2168 556 2233 invenit
572 2170 608 2232 in
631 2189 716 2254 pane
740 2170 813 2236 isto.
852 2169 1026 2236 Venenato
1041 2173 1139 2235 annis
1163 2171 1291 2238 duobus
1304 2139 1426 2256 ff'ffflw

241 2268 322 2334 adeo
345 2271 536 2355 aegrotabat,
572 2276 611 2336 ut
642 2291 702 2338 nec
736 2271 840 2337 latere
876 2272 993 2337 dextro
1025 2273 1200 2358 quiescere,
1231 2295 1292 2341 nec

241 2391 388 2455 unquam
411 2393 531 2457 panem
562 2379 739 2438 comestam
761 2374 904 2438 retinere
920 2379 1040 2459 posset,
1054 2375 1112 2440 sed
1128 2382 1294 2461 sumptam

243 2473 358 2538 statim
381 2474 538 2542 evomuit.
585 2472 733 2539 Internis
749 2475 851 2540 etiam
874 2475 1076 2541 torsionibus
1090 2477 1294 2562 gravissimis

243 2575 461 2653 cruciabatur,
484 2577 522 2640 in
554 2581 687 2641 tentum
711 2582 750 2640 ut
784 2577 905 2662 saepius
940 2578 1035 2662 quasi
1058 2579 1173 2644 statim
1197 2581 1296 2644 mori-

243 2683 328 2756 ture,
359 2680 552 2763 presbytero
575 2685 610 2743 et
650 2678 726 2743 eliis
764 2679 912 2764 ejusdem
955 2679 1047 2745 villae
1084 2681 1295 2757 testantibus

244 2784 426 2864 putaretur.
473 2779 556 2845 Haec
590 2801 664 2844 cum
696 2781 811 2846 eadem
843 2779 926 2846 feria
957 2779 1000 2845 od
1035 2781 1204 2846 ecclesiam
1237 2803 1295 2868 ep-

157 2913 163 2924 ·
244 2881 490 2967 propinquavit,
515 2883 654 2967 pedibus
686 2883 757 2968 ejus
781 2887 815 2946 et
837 2881 989 2946 manibus
1013 2882 1092 2966 ejus,
1115 2890 1297 2968 ventreque

247 2983 366 3061 subito,
389 2989 490 3069 prout
511 2984 585 3070 ipse
606 2981 1138 3066 asserebat,[tumescentibus,'via
1158 2986 1298 3071 genibus

248 3085 413 3161 incedens,
436 3086 479 3151 ad
503 3084 689 3170 sepulcrum
724 3083 840 3150 Sancti
863 3083 1021 3149 Willelmi
1052 3085 1212 3170 pervenit,
1235 3087 1298 3149 ibi·

244 3207 307 3271 que
330 3191 425 3250 nocte
448 3191 605 3271 sequente
636 3186 782 3270 aliquem
805 3185 917 3250 tabem
940 3206 1105 3264 evomens,
1121 3187 1299 3252 sanitatem

246 3287 405 3358 contiuuo
427 3290 560 3375 recepit.

291 3393 343 3457 22.
366 3389 443 3455 Alio
475 3390 627 3475 quaedam
659 3389 700 3454 de
733 3388 919 3456 Middelton
942 3389 978 3452 in
1010 3389 1165 3476 Tyisdcle
1203 3391 1299 3460 annis
1312 3411 1338 3460 A
1351 3425 1449 3460 nomm

158 3577 162 3584 .
247 3493 375 3558 duobus
406 3496 504 3558 tante
526 3491 724 3578 aegritudine
747 3491 889 3556 interius
911 3491 1063 3558 laborans
1087 3499 1126 3556 ut
1148 3497 1299 3557 ventrem
1310 3477 1456 3594 {fflff

246 3596 282 3658 in
317 3594 451 3660 modum
483 3593 686 3678 prregnentis
718 3593 885 3657 tumidum
923 3591 1069 3669 haberet,
1101 3593 1150 3657 ibi
1187 3593 1299 3659 tabem
1312 3611 1442 3660 recedite.

246 3694 386 3761 multam
410 3693 524 3759 eadem
547 3693 629 3759 feria
652 3713 806 3758 evomens
830 3697 947 3758 sancta
969 3698 1027 3759 est.

291 3800 344 3862 23.
368 3797 445 3862 Ana
468 3796 619 3882 quaedcm
644 3795 684 3860 de
707 3795 887 3882 Helperby‚
911 3815 1000 3861 anno
1023 3797 1161 3863 dimidio
1183 3799 1220 3862 in
1251 3821 1299 3864 re·
1314 3813 1442 3876 Anump

249 3898 348 3964 nibus
385 3897 532 3984 gibboso,
567 3901 602 3962 et
633 3897 745 3962 nervis
776 3897 941 3983 poplitum
973 3900 1151 3966 contructis
1188 3921 1301 3986 gressu
1313 3881 1413 3996 effi

134 4072 137 4075 ,
248 4001 338 4092 adeo
354 4000 495 4085 privato,
518 4003 558 4063 ut
590 4021 624 4064 se
647 4017 811 4084 nusquam
833 4019 966 4064 movere
998 4005 1119 4086 posset,
1140 4001 1206 4066 nisi
1232 4022 1301 4067 ma·
1314 4011 1379 4062 nom
1392 4011 1452 4062 fld-

250 4101 350 4167 nibus
381 4084 551 4188 reptando
584 4105 618 4165 et
649 4121 671 4166 e
701 4100 836 4165 renibus
870 4104 980 4166 totum
1014 4122 1132 4188 corpus
1166 4101 1302 4168 inferius
1314 4079 1402 4142 percy.

250 4209 325 4290 post
348 4224 382 4268 se
405 4202 576 4282 trahendo,
601 4203 739 4269 sabbato
762 4201 979 4280 PeutecosteS,
995 4207 1065 4267 tam
1088 4203 1180 4288 gibbi
1203 4225 1303 4288 quem

251 4304 485 4372 contractionis
518 4305 661 4371 sanitate
694 4305 825 4390 integro
847 4303 971 4368 ibidem
994 4309 1134 4390 recepta,
1156 4325 1303 4391 gressum

251 4408 432 4493 pristinum
463 4407 599 4472 omnino
622 4406 839 4491 recuperavit

298 4511 349 4575 24.
374 4509 535 4588 Quaedam
579 4507 680 4574 etiam
713 4507 754 4572 de
784 4505 874 4572 shira
912 4506 953 4571 de
985 4506 1171 4574 Richmond
1208 4507 1304 4574 annis
1317 4516 1344 4566 Λ
1358 4531 1456 4565 sunm

251 4611 360 4678 tribus
393 4609 493 4676 surda
528 4607 654 4688 effecto,
689 4613 723 4673 et
754 4607 873 4694 pedem
906 4607 1081 4674 dexterum
1103 4609 1200 4675 annis
1238 4608 1304 4674 fere
1317 4581 1472 4707 {ffim
