3606 5798
680 903 759 956 arra
773 903 817 959 or
839 901 886 954 sr.
910 900 1072 952 annum
1329 887 1395 952 283

343 1099 440 1162 catur
454 1099 489 1160 et
510 1094 712 1173 annullatur,
736 1095 825 1180 quod
846 1093 1020 1180 aquaticus
1035 1093 1155 1162 humor
1177 1093 1269 1160 intus
1290 1111 1396 1159 mora-
1410 1093 1554 1172 preparet

344 1201 406 1276 tus,
430 1219 491 1265 neo
511 1197 598 1264 foras
622 1219 681 1285 per
701 1196 847 1283 aliquam
881 1198 1025 1284 eorporis
1050 1197 1217 1286 regionem
1240 1195 1396 1274 mittitur,
1408 1161 1556 1278 {griffi
1558 1196 1566 1220 '

344 1321 405 1366 nec
426 1300 518 1366 intus
540 1299 585 1366 ad
609 1299 794 1366 fomentum
815 1298 986 1365 retinetur.
1033 1297 1076 1365 Se
1099 1299 1206 1386 igitur
1224 1299 1271 1366 sio
1292 1295 1558 1364 mino-¹0⁸²01‘2‘lto

343 1406 452 1468 ratem
474 1402 616 1468 miratur
637 1401 758 1468 mulier
779 1403 870 1467 intra
891 1423 948 1483 sa;
970 1403 1006 1467 et
1027 1409 1064 1467 se
1084 1401 1238 1468 manibus
1259 1401 1397 1487 palpan·
1409 1361 1510 1479 &22⁰ss

344 1504 435 1570 tibus
469 1504 591 1590 quaerit
622 1509 717 1569 extra
750 1523 793 1568 se.
840 1502 964 1568 Mirum
986 1503 1092 1590 igitur
1113 1504 1150 1567 in
1172 1502 1308 1568 modum
1330 1501 1396 1566 vir-

344 1609 418 1671 tute
440 1605 505 1672 Dei
531 1605 598 1674 cito
632 1605 735 1692 eoepit
757 1605 990 1683 convalescere,
1013 1609 1049 1671 et
1082 1605 1254 1691 inopinata
1277 1603 1398 1671 mentis

344 1707 465 1774 laetitia
486 1709 696 1796 desperatum
727 1709 872 1795 eorporis
897 1708 997 1774 robur
1018 1729 1218 1796 recuperare,
1240 1713 1280 1773 ut
1302 1709 1399 1794 longe

343 1809 449 1876 levior
481 1815 516 1876 et
546 1810 664 1877 fortior
694 1810 789 1876 fieret
821 1815 898 1897 post
919 1809 1038 1875 Divini
1071 1810 1218 1876 muneris
1247 1809 1398 1896 gratiam,

346 1933 447 1999 quam
468 1918 547 1980 ante
569 1913 722 1979 morbum
744 1913 854 1979 fuerat
875 1933 935 2000 per
956 1917 1119 1980 naturam.

391 2015 464 2081 Hoc
478 2016 520 2082 de
534 2015 723 2102 hydropicis
746 2015 890 2101 exempli
910 2015 1028 2102 gratia.
1067 2015 1104 2081 si
1127 2013 1216 2083 enim
1238 2015 1395 2102 hydropi·
1409 2026 1489 2082 Other

345 2136 457 2182 corum
479 2116 603 2182 ibidem
627 2119 816 2183 curatorum
842 2116 974 2204 singula
995 2117 1154 2184 miracula
1175 2137 1397 2204 prosequerer,
1409 2093 1567 2227 ss‘r'ffi‘lm

346 2217 502 2303 praesenti
538 2239 608 2282 non
644 2222 731 2284 esset
763 2217 880 2282 modus
921 2217 958 2282 in
994 2218 1124 2305 pagina.
1171 2218 1271 2284 Multi
1309 2231 1494 2284 emmaum.

345 2324 457 2386 uteros
478 2319 648 2398 habentes,
670 2319 714 2386 ed
745 2319 880 2386 modum
911 2319 997 2385 utris
1030 2319 1172 2400 inflatos,
1197 2325 1275 2388 cute
1306 2321 1399 2387 intus

346 2421 480 2499 infecta,
518 2427 552 2487 et
596 2419 685 2501 foris,
722 2421 809 2488 sicut
845 2425 931 2487 esset
969 2420 1085 2500 vitrea,
1122 2422 1319 2508 perlucente,
1356 2424 1400 2488 ad

346 2524 532 2591 naturalem
570 2543 629 2610 per
659 2521 819 2591 Divinam
856 2523 998 2610 gratiam
1036 2525 1165 2592 vomitu
1203 2527 1401 2614 quandoque

347 2627 514 2694 mediante
547 2623 767 2712 gracilitatem
798 2625 923 2692 ibidem
956 2625 1105 2693 restituti
1138 2633 1218 2694 sunt
1248 2633 1283 2694 et
1315 2628 1401 2696 colo-

346 2751 424 2795 rem.

390 2830 468 2897 Duo
490 2827 655 2896 monoculi
677 2827 776 2894 simul
798 2830 842 2898 ad
865 2827 980 2898 Sancti
1003 2830 1220 2918 sepulchrum,
1240 2837 1400 2919 tanquam
1412 2839 1545 2892 recone-

347 2933 390 3000 ea
424 2931 593 3000 atroam
608 2932 791 3011 aunam,
811 2937 1025 3008 menas.
1072 2933 1208 3015 ouras,
1231 2936 1290 3001 aar
1313 2907 1570 3026 εοῑιῑ-ξξῇξξξξξθ

347 3041 401 3102 cet
433 3055 454 3101 a
485 3035 621 3114 dextris,
643 3033 740 3100 alteri
771 3055 793 3102 a
823 3035 975 3113 sinistris,
997 3035 1098 3102 etiam
1125 3035 1197 3123 ipsa
1218 3038 1296 3104 solis
1319 3059 1401 3124 pree·

346 3137 456 3204 sentia
485 3139 616 3204 noctem
647 3141 872 3224 praesentarat.
918 3137 990 3204 Illis
1024 3137 1128 3225 igitur
1163 3139 1403 3227 aliquantisper

346 3241 384 3306 in
416 3238 564 3305 oratione
594 3239 810 3318 morantibus,
831 3243 972 3326 uterque
994 3241 1174 3307 secundum
1196 3263 1266 3310 suae
1297 3243 1402 3330 partis

348 3341 522 3419 defectum,
544 3338 663 3406 Divini
685 3341 821 3406 luminis
844 3341 947 3408 sensit
970 3341 1131 3409 effectum.

394 3443 478 3510 Octo
510 3442 646 3529 insuper
679 3443 803 3509 eisdem
836 3443 953 3510 diebus
986 3444 1152 3513 monoculi
1189 3444 1288 3514 facies
1325 3467 1401 3512 suas

348 3545 483 3610 infamis
505 3544 628 3611 binarii
649 3544 693 3612 ab
719 3545 850 3614 unitate
880 3545 1062 3614 recedentis
1085 3547 1210 3616 calculo
1231 3551 1401 3638 gratulan-

348 3653 405 3716 tur
427 3647 589 3738 insigniri.

616 3893 665 3962 De
686 3913 772 3962 ceca
792 3893 922 3986 c'aflata
943 3903 973 3965 et
995 3902 1125 3965 curata

394 4071 437 4135 In
468 4070 582 4138 eadem
608 4069 823 4150 hebdomada,
853 4071 939 4139 feria
961 4077 1065 4153 sexta,
1099 4073 1218 4141 mulier
1240 4075 1402 4162 quaedam,
1415 4096 1440 4147 Α
1453 4113 1560 4163 women,

270 4248 273 4252 ,
349 4181 494 4262 septenae
525 4173 684 4240 caecitatis
719 4174 880 4242 mulctata
913 4175 1084 4272 supplicia,
1104 4198 1216 4244 omnes
1239 4179 1402 4246 viscerum
1413 4162 1485 4282 {³22³
1496 4167 1548 4244 ²¹¹4

349 4281 478 4343 meatus
511 4275 709 4342 intrinsecus
743 4275 821 4341 tabe
852 4283 1003 4363 serpente
1029 4277 1171 4345 infectos
1205 4281 1252 4347 sio
1284 4233 1560 4351 habuithealellll’¹⁸

349 4385 384 4445 et
420 4377 561 4456 inflatos,
597 4384 637 4444 ut
674 4399 849 4464 praegnans
885 4379 1034 4466 gemellis
1071 4385 1106 4446 et
1143 4383 1254 4467 partui
1292 4383 1404 4450 vicina

349 4486 531 4569 putaretur.
576 4480 608 4545 A
631 4479 703 4546 Deo
736 4481 841 4567 igitur
873 4482 1044 4568 inspirata,
1077 4483 1121 4549 ad
1154 4489 1234 4550 nota
1260 4486 1404 4552 remedia

350 4583 531 4662 memorati,
555 4586 718 4669 quantum
750 4603 836 4650 caeca
869 4585 998 4652 sarcina
1031 4585 1190 4672 permisit,
1222 4587 1402 4656 festinavit.

348 4687 438 4752 Ante
470 4707 599 4754 sacrum
629 4707 747 4773 corpus
770 4685 973 4755 Confessoris
1006 4689 1147 4757 crationi
1179 4690 1300 4771 dedita,
1331 4696 1404 4760 tote
