3454 5816
632 909 713 957 vrri
737 911 762 957 a.
789 909 952 959 oswnnnl.
1260 895 1322 958 491

102 1113 222 1174 ammes,
273 1107 415 1163 bonorum
438 1123 556 1177 operum
585 1106 698 1160 culmen
722 1106 891 1172 excrevisse,
909 1103 1109 1176 omnipotenti
1133 1105 1194 1160 Deo
1217 1108 1326 1176 gratias

101 1195 127 1244 P·
145 1183 182 1229 13.
273 1215 372 1268 agens,
389 1196 489 1251 diebus
511 1213 545 1250 ac
567 1195 700 1250 noctibus
723 1196 797 1250 Eum
820 1195 1001 1268 precabatur,
1026 1201 1166 1266 quatenns
1190 1196 1273 1250 illum
1297 1205 1326 1252 et

272 1286 383 1357 jugiter
420 1285 457 1340 ad
494 1284 615 1340 meliora
652 1284 800 1356 proficere,
835 1289 865 1340 et
897 1285 926 1338 in
960 1285 1008 1338 ria
1040 1285 1225 1356 perfeetionis
1259 1305 1325 1342 con·

275 1381 451 1430 summatum
475 1373 646 1430 concederet
668 1379 734 1445 post
756 1374 831 1428 banc
865 1373 958 1428 vitam
981 1391 1012 1428 se
1035 1375 1129 1430 Deum
1152 1375 1272 1430 deorum
1296 1379 1326 1431 in

276 1467 354 1538 Syon
386 1465 494 1520 videre.
541 1463 637 1520 Missis
670 1469 812 1535 praeterea
834 1463 956 1519 diversis
978 1465 1146 1519 muneribus
1173 1465 1270 1520 abbati
1294 1485 1327 1522 ac

275 1555 434 1620 monachis,
471 1571 523 1625 pro
555 1571 606 1608 suo
640 1553 783 1618 Oswaldo,
816 1570 887 1624 quas
918 1559 1040 1608 noverat
1071 1555 1236 1620 convenire,
1261 1575 1326 1610 cum

275 1645 407 1716 precibus
445 1649 541 1714 grates
578 1643 710 1698 exsolvit.
756 1642 903 1698 indicavit
936 1643 1025 1697 etiam
1063 1643 1123 1697 illis
1169 1662 1198 1698 se
1237 1636 1328 1700 illius

276 1734 430 1806 praesentia
462 1749 636 1804 magnopere
659 1733 734 1788 velle
765 1731 864 1804 potiri,
899 1737 962 1786 tum
995 1733 1063 1803 qnia
1095 1734 1174 1788 senio
1206 1736 1328 1789 confinia

275 1819 398 1879 mortem
431 1823 486 1890 sibi
517 1823 709 1894 propinquam
743 1822 861 1886 sciebat,
901 1829 964 1876 tum
999 1821 1067 1894 quia
1098 1824 1225 1892 regulari
1261 1844 1327 1880 con-

275 1914 437 1968 versatioue
476 1929 537 1967 suae
559 1913 656 1981 gentis
690 1913 767 1966 viros
790 1929 843 1982 per
873 1928 940 1966 eum
960 1912 1114 1967 instituere
1149 1911 1327 1984 disponebat.

276 2002 347 2072 Quas
379 2003 428 2057 ubi
451 2001 601 2056 monachis
631 2001 724 2056 relata
746 2007 825 2067 sunt,
849 2001 932 2071 gravi
966 2017 1089 2057 moerore
1113 2001 1228 2073 dejecti,
1253 2023 1327 2060 asse-

276 2097 398 2146 ruerunt
431 2109 461 2146 se
495 2091 557 2148 sine
590 2091 641 2145 illo
684 2108 877 2162 nequaqnam,
910 2091 934 2144 si
970 2090 1032 2146 fieri
1064 2097 1170 2163 posset,
1204 2093 1235 2147 in
1267 2095 1329 2150 vita

276 2183 374 2237 vivere
397 2181 492 2246 velle;
515 2184 668 2257 propterea
702 2181 780 2252 quod
801 2178 864 2252 ejus
899 2181 1147 2236 conversationem
1164 2183 1219 2237 sibi
1242 2189 1272 2238 et
1296 2185 1327 2239 in

275 2272 403 2326 animam
426 2275 456 2326 et
488 2271 519 2324 in
542 2271 771 2325 consensissent
797 2270 881 2326 valde
903 2271 1053 2342 profuisse.
1100 2271 1166 2326 Non
1190 2273 1328 2329 audentes

275 2367 374 2416 tamen
397 2359 541 2416 voluntati
564 2359 704 2415 antistitis
727 2360 853 2425 obviare,
878 2365 990 2432 parent,
1014 2379 1048 2416 ac
1071 2360 1189 2416 Domini
1213 2381 1327 2418 servum

275 2451 372 2506 debito
415 2467 481 2504 cum
503 2449 612 2504 honore
646 2449 683 2504 ad
707 2453 810 2504 nutum
844 2449 978 2521 praesulis
1012 2450 1152 2520 dirigunt.
1198 2452 1240 2506 At
1279 2455 1328 2508 ille

275 2539 363 2595 citato
387 2540 491 2594 itinere
507 2537 647 2608 Angliam
670 2543 783 2609 petens,
800 2543 878 2594 terra
900 2539 1030 2610 marique
1045 2540 1081 2594 ab
1104 2543 1183 2596 omni
1199 2541 1328 2614 periculo

274 2635 420 2703 protectus
454 2635 507 2684 est.
565 2629 604 2682 m
639 2629 725 2682 hilari
758 2628 852 2693 vultu,
886 2633 983 2684 mente
1024 2626 1151 2699 jocunda
1176 2622 1328 2688 Doveriae

278 2719 426 2791 appulsus,
465 2719 610 2788 extemplo
649 2718 763 2788 ingenti
800 2723 843 2772 est
889 2719 987 2772 dolore
1025 2719 1181 2790 perculsus.
1241 2722 1329 2776 Illum
1345 2726 1401 2777 Odo
1413 2723 1488 2790 being

277 2800 408 2876 etenim,
440 2803 590 2864 sanctum
622 2797 746 2864 scilicet
780 2797 1057 2884 archiepiscopum
1092 2798 1250 2878 Odonem‚
1274 2825 1331 2887 pa·
1344 2793 1475 2908 ‘¹⁰52th

276 2908 390 2968 truum
406 2923 511 2978 suum,
527 2901 584 2986 qui
601 2923 659 2986 pro
676 2923 713 2966 eo
728 2901 872 2977 miserat,
897 2929 982 2982 quem
1005 2929 1065 2982 prae
1088 2914 1201 2968 caeteris
1223 2917 1330 2970 arctius
1344 2875 1404 2975 liith
1416 2874 1483 2977 (iies

278 3005 419 3082 amabat,
436 3004 478 3068 ab
501 3002 563 3068 hac
585 3003 657 3068 vite
675 3003 747 3088 jam
766 3003 923 3088 cognovit
939 3004 1195 3090 transmigrasse.
1243 3007 1331 3086 Qua·
1345 2995 1424 3058 kytel.

277 3113 411 3193 propter
433 3105 476 3170 ad
498 3104 721 3169 venerabilem
746 3104 854 3168 virum
878 3104 1065 3180 Oschethel‚
1082 3105 1330 3174 Dorcacestren-

276 3231 343 3274 sem
367 3214 447 3273 tunc
470 3207 668 3294 episcopum,
693 3217 946 3287 consanguinitate
969 3217 1024 3272 sibi
1049 3210 1329 3296 propinquantem

277 3319 359 3387 adiit,
383 3314 417 3373 et
440 3331 549 3374 secum
572 3331 630 3394 per
653 3309 780 3394 aliquot
803 3315 952 3395 tempora
974 3312 1196 3396 permanebat.

600 3587 809 3652 Osrrruunn
833 3587 1018 3667 Qnsnrma

324 3752 444 3818 Postea
466 3773 545 3818 vero
577 3775 652 3818 cum
688 3753 846 3838 praedicto
882 3751 1059 3819 Oschethel
1090 3755 1178 3821 facto
1209 3758 1331 3824 Ebora·
1345 3775 1455 3828 nansia

277 3855 366 3921 censi
388 3854 634 3940 archiepiscopo
659 3855 796 3920 Romam
821 3876 880 3940 pro
903 3855 1005 3940 pallio
1027 3856 1179 3942 habendo
1201 3861 1275 3938 ivit,
1298 3843 1445 3926 etm‘u‘y·

277 3959 472 4024 revertendo
507 3981 621 4024 versus
651 3959 816 4046 Angliam
840 3959 1119 4047 archiepiscopum
1152 3963 1333 4045 dimittens,

279 4055 447 4126 Florianum*
474 4071 602 4126 divertit.
657 4061 724 4126 Ubi
758 4061 962 4146 aliquamdiu
995 4063 1175 4144 demorans,
1198 4068 1332 4134 tandem

278 4183 392 4228 versus
415 4163 571 4248 Angliam
596 4163 660 4226 iter
683 4161 813 4248 repetit,
837 4167 871 4227 et
903 4164 1068 4248 quendam
1101 4165 1165 4230 sibi
1198 4167 1333 4233 karissi-

278 4285 378 4340 mum,
403 4264 604 4328 Germanum
627 4264 768 4344 nomine,
794 4269 831 4328 ut
863 4265 1042 4330 monachus
1074 4265 1168 4332 fieret
1198 4267 1235 4332 in
1258 4269 1333 4336 Flo·

278 4355 366 4419 riaeo
389 4353 523 4418 dimisit.
571 4363 746 4418 Perveniens
769 4363 867 4434 itaque
890 4363 927 4417 ad
958 4355 1216 4438 archiepiscopum
1250 4381 1333 4445 prae·

279 4443 414 4519 dictum,
438 4453 523 4506 solito
545 4469 625 4506 more
648 4453 679 4505 in
703 4452 782 4506 omni
815 4453 968 4509 sanctitate
991 4459 1021 4509 et
1050 4446 1218 4532 religionis
1251 4476 1332 4514 man·

279 4541 431 4598 suetudine
455 4539 540 4610 juxta
571 4559 638 4597 eum
672 4542 914 4608 conversabatur3
939 4547 969 4598 et
1000 4543 1064 4599 ideo
1087 4563 1104 4600 a
1138 4547 1250 4603 cunctis
1283 4549 1333 4620 pio

279 4631 398 4696 affectu,
433 4649 540 4702 magno
572 4649 678 4698 amore,
712 4649 825 4686 summo
856 4632 952 4687 studio
983 4634 1220 4706 amplectebatur,
1255 4639 1331 4694 fove·

279 4721 376 4786 batur,
404 4721 604 4776 venerabatur.
651 4721 734 4776 inter
764 4721 828 4777 haec
862 4723 1018 4793 praelarus
1052 4729 1082 4779 et
1113 4727 1254 4796 gloriosus
1277 4730 1332 4788 Dei

280 4811 402 4876 amicus,
442 4811 621 4878 Dnnstauus‚
657 4811 688 4866 in
723 4811 860 4868 cathedra
893 4811 1078 4884 pontificatus
1116 4815 1333 4878 Cantuariensis
