3586 5802
430 865 495 928 208
585 876 736 926 HISTORY
759 877 803 924 OF
826 875 920 925 FOUR
943 874 1181 924 Aeonursuors
1203 875 1247 922 ΟΡ
1271 875 1365 926 YORK

258 1093 358 1160 sessus
427 1057 508 1143 rc9i,
541 1058 691 1146 sulutem.
746 1057 806 1124 Ad
836 1057 1077 1146 Apostolorum
1109 1055 1239 1124 limiuu
1268 1065 1298 1123 et
1326 1063 1480 1124 uestrum

258 1159 390 1240 suuper
423 1159 646 1245 proescutiom
679 1159 872 1237 ueuieuteue,
896 1159 1058 1226 dilectum
1082 1157 1232 1245 fratrem
1264 1166 1421 1225 uestrum
1446 1159 1478 1224 Τ.

256 1229 371 1279 rumen.
427 1261 668 1328 Etoruccusem
712 1261 1012 1348 orcttepe'supum,
1056 1261 1168 1327 debito
1211 1260 1406 1328 duclcediuis
1450 1267 1479 1325 et

425 1364 583 1430 eucitutis
604 1363 776 1450 affectioue
806 1363 1022 1450 suscepimus,
1045 1362 1136 1449 quod
1169 1362 1257 1430 dum
1289 1363 1387 1448 opus
1417 1383 1479 1427 uos

420 1487 484 1552 per
507 1465 771 1552 uliquuutulum
794 1488 922 1553 quoque
939 1465 1079 1532 dicrum
1100 1464 1256 1552 spatium
1277 1471 1478 1541 moreretur,

422 1568 536 1636 muita
558 1569 655 1635 uobis
678 1568 717 1635 de
747 1577 777 1634 te
807 1568 895 1636 bocco
916 1567 1087 1654 supiiciter
1117 1574 1147 1632 et
1171 1565 1322 1654 fideliter
1352 1565 1478 1642 retulit,

346 1707 349 1712 ι
423 1678 454 1736 et
472 1692 538 1757 pro
554 1669 610 1738 tui
624 1670 722 1756 repui
737 1677 830 1737 statu
850 1677 879 1736 et
901 1668 1103 1736 mucetum
1118 1667 1368 1735 instantissime
1383 1667 1478 1754 aprici

423 1771 622 1839 Romanam
652 1771 824 1838 ecclesium
860 1770 1054 1837 intercessit.
1118 1769 1194 1852 Qua
1225 1769 1265 1836 cle
1295 1791 1333 1835 rc
1358 1790 1419 1836 uos
1448 1776 1477 1834 et

423 1874 577 1961 emplius
598 1881 628 1940 te
650 1873 833 1958 diligimus
857 1879 886 1938 et
904 1893 1016 1958 preces
1042 1879 1130 1948 tuus,
1151 1871 1194 1937 iu
1214 1871 1338 1958 quibus
1360 1893 1476 1957 oppor-

424 1985 553 2044 tuuum
575 1984 629 2054 cst,
653 1976 793 2043 libeuter
814 1974 1043 2041 udutittiruus.
1090 1974 1161 2040 Pro
1183 1975 1259 2060 ipso
1281 1995 1356 2060 erpo
1379 1974 1477 2040 dilec-

424 2078 556 2144 tissimo
585 2076 682 2144 undu
710 2076 823 2164 frutus
852 2083 966 2142 uestro
995 2075 1163 2162 europiam
1184 2075 1479 2161 maquifieeutium

424 2188 523 2247 tuum
555 2201 725 2266 supernus,
749 2185 790 2246 ut
820 2200 900 2245 otuu
933 2177 1088 2263 deictceps
1117 2198 1184 2263 pro
1215 2199 1330 2244 umore
1352 2176 1416 2243 Dei
1449 2183 1478 2242 ct

425 2288 539 2348 uestro
561 2280 689 2366 majori
710 2279 896 2365 diliymtiu
918 2277 1156 2365 complecteris.

255 2411 390 2462 tuscan
471 2383 634 2450 Veniente
664 2382 757 2470 prius
788 2379 1022 2447 Ountuuriensi
1055 2379 1301 2465 archiepiscopo
1333 2379 1369 2442 in
1392 2378 1478 2444 Nor-

255 2479 401 2598 fflbfffltn
427 2485 606 2564 menuiem,
628 2485 764 2570 quidum
788 2484 828 2548 de
851 2483 947 2550 sociis
977 2483 1046 2548 suis
1076 2481 1229 2568 quaedem
1251 2481 1350 2546 aliter
1378 2503 1476 2567 quum

254 2561 381 2664 mnis?
427 2611 479 2654 res
502 2593 588 2654 esset
618 2587 706 2674 regis
737 2585 874 2651 auribus
907 2583 1164 2662 instillavemnt,
1188 2588 1223 2648 et
1254 2583 1295 2649 de
1318 2583 1478 2670 archiepi-

254 2679 407 2810 ffidgibout
425 2712 522 2778 scopo
544 2694 666 2766 nostre,
681 2687 769 2773 quod
791 2686 839 2751 eis
861 2686 970 2752 flueret
992 2687 1029 2750 in
1050 2675 1293 2751 nocumentum
1340 2684 1479 2751 Secutus

256 2811 368 2862 Tamtu.
425 2792 524 2880 paulo
554 2796 630 2878 post
664 2789 886 2864 Eborucensis,
908 2809 930 2854 s
960 2809 1036 2873 rege
1069 2787 1313 2873 gratulabunde
1344 2793 1378 2852 et
1398 2788 1479 2854 soeii

425 2897 477 2961 sui
509 2893 652 2980 suscepti
700 2896 786 2956 sunt
848 2889 893 2955 Et
927 2890 1068 2955 domnus
1100 2887 1202 2954 ubbes
1234 2889 1426 2955 Anselmus
1444 2897 1479 2954 et

425 2997 595 3074 deremius,
618 2994 676 3080 qui
698 3014 719 3059 u
741 3015 817 3079 rege
840 2991 980 3057 Romam
1014 2990 1106 3056 missi
1137 3012 1212 3058 cum
1234 2991 1478 3078 archiepiscopo

425 3107 538 3166 nostro
561 3098 735 3172 redierant,
750 3096 799 3160 rei
815 3095 991 3160 veritatem
1013 3095 1045 3160 ei
1067 3094 1197 3180 plenius
1220 3095 1478 3176 intimaverunt;

254 3224 382 3292 rheyare
428 3208 463 3268 et
485 3200 573 3286 quod
605 3196 818 3263 Eborucensis
842 3196 1074 3262 Ountuurieusi
1097 3197 1180 3262 bene
1212 3196 1364 3263 vuluerat
1376 3222 1384 3277 3
1413 3204 1475 3264 tes-

256 3295 410 3409 ζοῐῗξζζῗω
428 3309 539 3370 tentes
561 3300 667 3387 plene,
689 3299 777 3384 quod
800 3298 828 3362 si
853 3298 884 3363 ei
915 3319 1032 3364 nocere
1065 3297 1255 3375 studuisset,
1277 3297 1417 3382 pellium
1440 3320 1479 3365 ee

180 3445 182 3452 ι
255 3376 390 3476 nituere
429 3406 502 3470 vice
528 3423 597 3468 non
632 3399 812 3466 detulisset.
874 3399 997 3465 Noster
1018 3420 1097 3464 vero
1127 3399 1213 3464 nihil
1244 3400 1335 3485 apud
1367 3422 1478 3486 regem

256 3491 330 3541 ΨΜ·
428 3510 626 3592 conquestus
649 3508 700 3569 est
721 3501 796 3568 illos
818 3501 891 3580 sibi,
914 3507 1077 3588 quantum
1100 3507 1287 3588 potuerunt,
1302 3501 1478 3582 obstitisse,

426 3629 502 3675 eum
524 3607 566 3672 de
588 3603 777 3671 Glescuensi
800 3609 833 3669 et
856 3603 1015 3690 episcopis
1050 3603 1170 3670 Sentice
1200 3604 1357 3671 sumeret
1390 3607 1478 3692 quod

427 3733 461 3776 se
485 3707 683 3775 Eberucensi
706 3705 850 3772 ecclesius
882 3705 1142 3785 subtmhebsnt3
1176 3707 1265 3791 quod
1299 3707 1385 3793 regis
1407 3709 1478 3772 An-

255 3830 396 3881 'lueureu-
424 3812 501 3899 glire
523 3808 680 3896 dignitati
702 3807 947 3873 adversabatur.
985 3806 1240 3892 Amhiepiseopi,
1255 3808 1346 3894 apud
1367 3830 1477 3895 regem

254 3898 382 4014 ζζξξξζο
425 3918 588 4002 quantum
611 3911 643 3977 si
665 3909 791 3996 placuit
813 3909 1012 3986 commorati,
1035 3909 1072 3974 in
1094 3910 1251 3996 Angliem
1277 3912 1478 3997 repatriave-

256 4031 384 4096 unglanu
425 4023 514 4084 runt.
560 4014 716 4080 Proximo
739 4011 934 4098 Septembre
956 4011 1111 4078 dominus
1134 4033 1222 4100 pepe
1244 4012 1478 4080 Ouutuuriensi

423 4119 666 4206 archiepiscopo
688 4115 738 4182 its
760 4113 897 4199 scripsit

706 4367 826 4432 Literae
849 4365 995 4452 ejusdem
1019 4388 1078 4453 pro
1100 4367 1222 4435 eodem.

256 4532 415 4588 cuixtmn.
474 4519 630 4585 Ouliutus
660 4517 842 4602 episcopus,
875 4538 989 4583 seruus
1021 4539 1194 4585 seruorum
1227 4519 1301 4599 Dei,
1326 4521 1362 4590 G.
1387 4522 1479 4590 Ucu-

256 4599 415 4732 ffiffih·
429 4619 603 4690 tpaoumsc'
625 4618 880 4706 archiepiscopo,
902 4625 932 4686 et
953 4619 1126 4688 uniuersis
1149 4622 1376 4710 suffrupuucis
1399 4627 1478 4712 ejlw,

255 4736 394 4867 ffffind
428 4725 582 4808 sulutem,
618 4727 647 4788 et
679 4720 910 4806 Apostolum
947 4720 1214 4793 lreuedictioucm.
1260 4725 1425 4814 Quisquis
1455 4751 1478 4796 a
