3454 5816
400 849 465 914 438
661 859 760 910 urvis
784 862 827 909 ur
850 863 919 910 run
942 861 1179 910 Aucurusuors

443 1050 624 1129 Praedtetu,
651 1051 824 1130 Giteturde,
847 1050 1017 1126 Medercle,
1048 1051 1110 1128 die,
1134 1059 1292 1128 venerate,

493 1152 617 1218 Vestris
639 1175 718 1218 sustu
736 1151 893 1240 pratibus
914 1151 1121 1218 subveniatis
1144 1151 1184 1218 ei.

443 1253 617 1319 Nobilitas
636 1255 776 1339 penteres,
799 1254 848 1320 uel
871 1253 985 1332 honor,
1009 1255 1058 1320 vel
1080 1252 1224 1320 ruente
1245 1253 1335 1332 cleri,

488 1357 654 1423 Praesulis
678 1363 739 1422 aut
762 1353 898 1423 esteten
920 1356 1084 1422 eutulerat
1105 1378 1164 1422 nes
1188 1377 1273 1422 eure.

447 1459 473 1526 0
496 1481 600 1546 quarn
623 1466 851 1536 mcenseeeturt,
874 1467 1012 1536 testum,
1034 1458 1249 1546 sobriumque
1273 1458 1451 1536 salubrem,

491 1561 643 1628 Tantum
661 1561 751 1647 plebs
774 1562 887 1628 Bereoe
906 1563 1041 1648 plausit
1071 1561 1186 1629 luttere
1205 1563 1364 1648 patrem!

446 1663 594 1748 Ssrt'tere
616 1664 701 1750 quiet
725 1663 826 1750 refert
846 1663 930 1750 ptus
952 1664 1032 1751 quis
1054 1664 1103 1730 uel
1126 1664 1240 1751 quetis
1263 1671 1453 1741 eruturum

493 1764 620 1831 Omnia
643 1787 721 1831 eum
742 1764 868 1830 nteritu
890 1767 994 1832 leude
1016 1766 1123 1831 nitere
1142 1765 1296 1852 probent.

446 1866 542 1932 Mille
565 1867 809 1953 quadrupiretis
832 1867 947 1944 suuis,
977 1889 1031 1933 sere
1054 1866 1279 1952 septuupr'sutu

492 1969 648 2036 Transiit
670 1991 686 2034 e
708 1969 841 2036 mutuo
863 1970 1021 2036 scandere
1044 1969 1129 2035 estse
1147 1967 1232 2056 poti.

423 2262 478 2326 Du
501 2263 708 2329 Lnunur'rru
731 2261 860 2337 Boruu,
893 2275 1168 2325 menrurrsuoro
1200 2259 1429 2326 Esonuenusr.

234 2453 365 2505 Laurente
449 2451 748 2539 Quinqungesimus
772 2449 898 2527 tertius,
916 2449 1153 2514 Eboresensem
1175 2449 1343 2516 eeclesiam
1367 2452 1454 2516 rexit

235 2521 390 2638 {fiii'lm
403 2555 560 2641 magister
594 2553 793 2618 Laurentius
837 2551 952 2628 Bothe,
990 2553 1097 2637 primo
1131 2552 1278 2636 ejusdem
1309 2553 1453 2618 escleeiae

402 2655 587 2732 senonicus,
610 2655 729 2719 deinde
753 2653 986 2718 Dunelmensis
1018 2654 1196 2740 episeopus,
1229 2661 1343 2740 postes
1377 2678 1454 2720 vero

401 2758 577 2824 adsedem
601 2757 746 2821 Eborum
769 2761 820 2820 est
843 2754 1023 2820 translatus
1056 2777 1114 2840 per
1146 2777 1311 2819 summum
1345 2758 1455 2842 ponti-

401 2861 495 2924 ficem
519 2859 660 2924 Sextum
683 2879 804 2952 papsm
828 2855 1003 2936 Quartum,
1026 2857 1132 2942 primo
1155 2857 1209 2921 die
1242 2857 1461 2943 Septembris

402 2983 489 3026 nuno
512 2961 648 3026 Domini
671 2957 823 3024 n⁰cccc⁰.
847 2959 1089 3045 septuagesimo
1105 2966 1207 3025 sexto.
1254 2960 1299 3024 Et
1320 2960 1356 3025 in
1371 2961 1454 3026 festo

404 3064 518 3128 Suueti
553 3062 738 3140 Outhberti,
765 3059 928 3138 videlieet,
952 3060 1024 3124 iiiir
1047 3060 1100 3125 die
1125 3060 1336 3147 Septembris,
1367 3085 1455 3128 enno

403 3163 539 3229 Domini
572 3163 667 3242 1477,
690 3161 758 3228 fuit
781 3161 1001 3227 intronizatus
1023 3162 1060 3226 iu
1091 3165 1224 3250 propris
1257 3186 1397 3252 persons
1419 3166 1455 3229 in

403 3267 538 3332 eeclesia
560 3287 620 3330 sue
642 3263 907 3350 metropolitical
933 3263 1131 3330 Eborseensi
1147 3287 1222 3331 eum
1237 3287 1357 3354 magna
1379 3289 1453 3334 eon·

404 3369 495 3434 vivio
518 3369 555 3433 in
577 3369 701 3454 palutio
724 3389 783 3433 suo
806 3367 938 3432 ibidem.
971 3405 996 3431 .-

235 3468 337 3522 ΗΘΜ
451 3472 525 3550 Hic,
548 3473 588 3536 de
611 3493 729 3558 genere
752 3471 890 3535 militari
924 3476 1122 3556 procreatus,
1157 3471 1260 3537 freter
1281 3471 1350 3536 fuit
1372 3471 1454 3536 Wil-

235 3538 380 3654 fflerof
406 3575 495 3640 lelmi
520 3573 625 3639 Bothe
648 3595 755 3660 nuper
777 3573 1013 3660 archiepiscopi
1037 3574 1251 3640 Eboreeeusis
1286 3598 1327 3640 ex
1360 3580 1455 3662 purte

235 3671 349 3789 ffigfitffffl
406 3677 517 3764 petris,
541 3682 575 3741 et
598 3677 677 3740 dum
700 3676 736 3740 in
759 3675 913 3740 humenis
935 3675 1056 3762 egebat
1079 3676 1195 3741 diebus
1228 3699 1386 3764 maguum
1407 3677 1455 3744 fo·

310 3774 329 3841 .'
406 3779 507 3846 vehet
529 3778 741 3856 domicilium,
764 3800 804 3845 ee
835 3779 876 3844 de
911 3777 1131 3845 universitate
1164 3778 1388 3868 Cantabrigiae
1420 3781 1457 3845 in

404 3883 533 3970 legibus
556 3881 754 3948 licentiatus.

237 3989 369 4039 nonnus-a
451 3985 643 4050 Centuriam
667 3985 707 4050 de
740 3983 869 4049 duobus
901 3984 1080 4072 capellanis
1118 3991 1277 4073 perpetuo
1315 3984 1456 4052 eelebre-

238 4057 386 4174 {fflffl
406 4089 490 4154 turis
513 4090 549 4153 in
571 4109 659 4154 nova
681 4087 806 4174 capelle
828 4089 984 4176 contigua
1018 4089 1161 4156 eeslesiae
1193 4089 1373 4177 eollegietae
1415 4089 1456 4154 de

407 4189 597 4268 Suthewell,
616 4191 718 4275 juxte
740 4190 946 4276 sepulturam
972 4191 1128 4256 Willelmi
1152 4191 1259 4257 Bothe
1281 4191 1456 4278 arehiepis-

407 4294 489 4380 copi‚
512 4293 625 4358 fratris
647 4294 707 4370 sui,
731 4293 920 4380 sumptibus
944 4295 1012 4370 suis
1036 4294 1241 4359 fundotenus
1264 4295 1371 4360 erexit
1400 4293 1459 4358 ubi

407 4397 598 4472 tumuletur,
623 4395 778 4460 fundavit
799 4403 834 4461 et
857 4382 989 4461 dotavit
1003 4395 1210 4461 sufficienter.
1257 4396 1458 4461 Munerium·

408 4515 472 4582 que
495 4497 536 4562 de
573 4497 735 4582 Bstetsey
757 4519 831 4562 eum
863 4499 1074 4584 pertinentiis
1097 4498 1166 4562 suis
1196 4498 1384 4586 sumptibus
1418 4499 1459 4564 ds

401 4675 570 4686 m...-

685 4780 691 4812 ¹
711 4779 907 4848 metropolitica]
928 4782 1124 4848 metropolitana
1137 4785 1167 4835 B.
