3586 5802
389 883 453 952 172
545 899 694 946 ursronr
719 899 762 945 or
785 899 877 946 nona
892 898 1136 950 ,Anoualsflors
1159 899 1202 944 or
1225 895 1321 946 roan

390 1096 406 1122 “
429 1087 526 1152 modo
546 1085 668 1152 wlucrari
691 1089 849 1170 putasset,
873 1107 948 1170 quae
971 1106 1046 1152 eum
1078 1084 1215 1152 tenebat
1245 1084 1439 1152 invaletudo

391 1198 407 1226 “
429 1210 497 1254 non
520 1187 744 1254 detinuisset.''

220 1309 352 1374 uhepope
438 1291 509 1356 Nec
531 1291 776 1369 blandimentis,
799 1313 860 1358 nec
881 1313 983 1377 prece,
1007 1314 1068 1359 nec
1099 1291 1304 1358 absolutione
1336 1289 1440 1356 dorni-

221 1377 371 1506 ffiffi
392 1414 455 1458 nus
478 1413 565 1478 papa
586 1393 676 1477 apud
698 1414 808 1479 regem
843 1415 901 1480 pro
932 1394 1174 1481 archiepiscopo
1205 1399 1318 1460 nostro
1350 1392 1439 1477 quic-

220 1507 276 1557 sion
287 1523 354 1571 upon
393 1518 492 1582 quam
530 1497 718 1583 inipetrans,
756 1497 905 1562 animum
949 1520 1047 1564 suum
1091 1503 1204 1564 tamen
1240 1495 1439 1582 compressit,

220 1574 345 1640 theling.
392 1598 506 1664 nolens
538 1601 570 1664 ei
604 1600 666 1666 hac
696 1601 769 1668 viee
792 1601 898 1667 acrius
932 1600 1091 1678 insistere,
1122 1601 1237 1667 nolens
1267 1598 1440 1686 imperiose

390 1723 579 1788 agarenae
602 1702 793 1789 Apostolioa
817 1704 869 1768 uti
906 1707 1088 1788 potestate;
1110 1703 1259 1789 cogitans
1293 1723 1362 1766 esse
1385 1701 1440 1765 de-

390 1806 519 1872 centius
543 1806 671 1871 eminus
690 1806 800 1892 jaculo
823 1806 1047 1892 pugnandum,
1079 1827 1180 1892 quam
1212 1805 1308 1871 modo
1341 1805 1440 1872 corni-

390 1928 453 1972 nus
485 1907 596 1994 gladio
630 1908 822 1985 feriendum,
846 1913 881 1972 et
914 1907 955 1972 de
985 1907 1091 1974 amieo
1122 1929 1298 1994 congressu
1330 1907 1439 1971 inimi-

392 2031 467 2076 cum
490 2011 562 2076 fieri
585 2011 775 2097 digressum

221 2117 352 2194 rhepopa
438 2112 493 2178 Sic
515 2113 619 2200 igitur
651 2115 719 2199 regi
750 2119 785 2178 et
817 2114 885 2180 suis
917 2115 1005 2182 facta
1038 2113 1267 2182 benedictione
1299 2113 1441 2200 digredi-

220 2185 271 2301 1¹⁶2?
272 2182 356 2302 {ff
392 2219 504 2280 untur.
551 2215 651 2280 Multi
674 2237 752 2280 vero
781 2217 1004 2303 ascripserunt
1026 2218 1057 2282 ei
1087 2216 1194 2284 cordis
1220 2215 1441 2282 imbecillitati

220 2317 372 2434 beiflassgiw
392 2319 481 2404 quod
503 2341 570 2385 non
592 2320 738 2406 asperius
762 2325 795 2384 et
820 2320 946 2405 justius
968 2325 1081 2405 egerat
1102 2341 1162 2406 pro
1198 2319 1440 2406 archiepiscopo

221 2399 313 2450 energe
334 2401 355 2436 ς’
390 2444 410 2488 a
434 2445 468 2488 se
491 2444 596 2510 nuper
619 2427 812 2499 consecrate,
836 2428 870 2487 et
891 2423 953 2488 hac
976 2424 1016 2488 de
1039 2445 1138 2488 causa
1159 2423 1441 2509 archiepiscopatu

390 2525 540 2611 spoliato.
599 2525 643 2591 Et
676 2525 824 2612 plerique
847 2525 888 2589 de
911 2524 1113 2591 Normannis
1147 2532 1182 2590 et
1213 2527 1331 2612 Anglis
1365 2527 1440 2589 fini-

388 2635 520 2706 verunt,
551 2627 751 2694 arbitrantes
783 2629 872 2713 quod
902 2633 975 2694 tota
1005 2627 1240 2696 christianitas
1279 2631 1315 2693 in
1353 2634 1441 2694 terra

389 2731 474 2817 regis
497 2729 766 2815 prohibe[re]tur‚
791 2730 819 2794 si
853 2730 922 2816 ipse
955 2730 1193 2798 Eboracensem
1227 2731 1441 2816 archiepisco-

388 2854 469 2917 pum
492 2854 566 2898 cum
588 2853 668 2919 pace
691 2853 757 2898 non
780 2833 945 2918 reciperet.
992 2833 1054 2898 Ille
1080 2839 1192 2898 autem
1226 2833 1378 2919 quamvis
1401 2832 1441 2898 de

388 2934 550 3021 colloquio
582 2936 671 3021 quod
708 2934 889 3022 plurimum
926 2937 1178 3002 continuaverat
1211 2936 1309 3001 aliter
1343 2956 1442 3020 quam

388 3043 551 3122 sperasset
583 3039 713 3116 accidit,
747 3059 814 3104 non
847 3043 960 3104 tamen
990 3061 1011 3103 a
1044 3059 1102 3124 spe
1135 3037 1269 3127 penitus
1307 3037 1439 3115 decidit,

342 3163 349 3174 ·
390 3139 478 3204 inter
501 3162 535 3206 se
559 3140 688 3206 dicens:
712 3140 831 3208 “Miti
851 3147 968 3208 cutm
997 3141 1166 3207 adhaerere
1204 3140 1272 3206 Deo
1310 3139 1439 3206 bonum
1452 3159 1495 3209 rs.
1507 3157 1577 3208 lxxii.

390 3251 407 3278 “
431 3243 504 3323 cst‚”
524 3245 676 3330 Monere]
712 3245 783 3330 i[n]
819 3244 999 3330 D[omino]
1023 3245 1118 3330 D[eo]
1141 3243 1265 3331 a[pern]
1289 3245 1417 3330 adeam
1433 3230 1494 3310 .²⁸·

220 3345 274 3396 The
286 3362 352 3412 1>0r0
393 3345 438 3410 Et
460 3346 614 3412 dominns
636 3369 723 3434 papa
745 3348 865 3414 blande
897 3353 932 3413 et
965 3347 1198 3414 confortatorie
1229 3347 1359 3414 locutus
1390 3353 1442 3412 est

220 3429 375 3531 {iffifffl
392 3449 452 3528 illi,
475 3450 656 3516 admonens
679 3473 721 3516 ne
751 3450 923 3530 diffideret,
946 3473 988 3516 ne
1021 3425 1353 3536 separandam
1376 3450 1443 3515 Ro·

391 3573 524 3619 manam
548 3553 712 3619 ecclesiam
737 3551 787 3616 illi
801 3573 870 3618 non
885 3551 995 3618 defore
1012 3552 1194 3619 necessaria
1215 3551 1442 3630 ministrando,

391 3657 494 3724 donec
516 3679 575 3743 per
596 3656 660 3722 Dei
682 3653 845 3722 auxilium
867 3657 911 3722 ad
933 3677 994 3725 sua
1015 3661 1232 3724 revocaretur.

221 3769 352 3848 making
436 3761 599 3826 Dominus
621 3781 700 3826 vero
730 3781 790 3824 rex
823 3780 844 3825 a
877 3759 1039 3844 colloquio
1072 3781 1223 3825 reversus
1257 3759 1373 3825 statim
1407 3757 1444 3822 in

221 3838 343 3966 ffiff
392 3861 516 3950 Anglia
546 3863 639 3927 misit
671 3862 729 3948 qui
766 3861 1047 3948 archiepiscopum
1085 3863 1285 3940 dissasirent,
1316 3862 1352 3926 in
1381 3859 1445 3926 hoc

222 3972 267 4021 but
279 3987 363 4035 speres
392 3965 548 4030 nobiliter
582 3975 616 4030 ct
653 3964 807 4052 regaliter
840 3986 941 4051 agens
978 3966 1067 4051 quod
1102 3965 1236 4031 clericos
1274 3964 1331 4050 qni
1368 3985 1444 4029 oum

221 4037 363 4155 iifflilff
393 4068 637 4154 archiepiscopo
682 4073 778 4133 erant
814 4067 921 4132 nihilo
958 4067 1123 4154 spoliavit,
1145 4067 1328 4146 intendens,
1367 4065 1446 4132 licet

221 4169 281 4221 him.
394 4172 637 4260 archiepiscopo
675 4174 789 4248 iratus,
827 4172 975 4258 legitime
1020 4177 1055 4236 et
1100 4171 1254 4238 canonice
1299 4174 1443 4256 agentes.

396 4275 517 4342 Oaeteri
552 4278 609 4362 qui
633 4277 722 4342 domi
745 4281 841 4342 erant
863 4275 963 4340 nimis
985 4277 1098 4340 tristes
1121 4275 1257 4340 fuerunt
1279 4279 1314 4339 et
1336 4279 1444 4337 exter-

221 4388 375 4456 Thebishop
394 4379 459 4444 riti.
506 4380 701 4446 orcadensis
733 4381 902 4466 episcopus
926 4383 960 4443 et
987 4378 1163 4464 praedictus
1197 4376 1445 4442 archidiaconus

222 4457 375 4586 {fg'ffl’
394 4479 455 4545 vix
503 4481 574 4568 regi
618 4483 821 4548 reconciliari
865 4485 1048 4568 potuerunt
1092 4481 1171 4565 quia
1209 4477 1445 4545 consecrationi

223 4588 345 4656 disgraee.
394 4583 621 4661 interfuerant,
658 4605 857 4670 quamquam
895 4584 1028 4662 vellent,
1066 4587 1101 4648 et
1142 4581 1269 4668 liquido
1312 4586 1445 4667 possent

390 4685 503 4771 jurare
525 4709 558 4752 se
581 4707 649 4752 non
671 4687 745 4752 ideo
767 4688 811 4752 ad
834 4685 1020 4752 Concilium
1043 4686 1180 4752 venisse
1222 4719 1223 4722 ¹

438 4788 544 4855 Erant
575 4811 649 4856 cum
671 4789 805 4857 domino
826 4811 915 4876 papa
937 4791 978 4858 de
1001 4789 1159 4858 Romanis
1182 4785 1275 4854 Ocno
1298 4785 1444 4855 Praenes·
