3454 5816
504 931 547 976 OF
570 925 639 976 THE
662 927 805 978 CHURCH
830 927 873 976 OF
896 929 999 978 YORK.

227 1115 320 1180 Inter
342 1115 538 1202 metropoles
561 1115 701 1200 priorem
720 1114 796 1199 jure
818 1121 992 1192 secretum,

273 1217 314 1282 In
336 1218 535 1302 reliquisque
558 1239 653 1302 pares
678 1216 855 1302 Gregorius
879 1219 1006 1282 statuit

227 1319 300 1384 Rex
323 1318 625 1383 Nerthumbrorum
648 1319 776 1384 cunctis
797 1319 961 1404 prefulsit
983 1319 1105 1384 honore

252 1501 254 1509 A
272 1421 427 1506 Princeps
450 1421 631 1506 Edwynus,
654 1443 714 1484 rex
735 1421 812 1505 pius
833 1426 935 1506 etque
959 1429 1096 1506 potons3

227 1523 353 1610 Anglis,
378 1523 580 1600 Britonibus
603 1521 714 1598 Pictis,
737 1523 868 1600 Suettio,
892 1522 1069 1598 Menovcis‚

272 1624 410 1690 Praefuit
433 1624 638 1690 Orehedibus
660 1624 826 1712 gentibus,
849 1629 885 1690 et
906 1624 1051 1710 reliquis.

227 1727 384 1805 Moechus,
407 1727 528 1814 praed0,
551 1726 654 1806 dolus,
677 1725 855 1792 homicidis
876 1748 966 1794 sceva
987 1727 1137 1805 silebant,

272 1829 344 1893 Pax
366 1835 400 1894 et
418 1829 555 1914 justitie
577 1828 670 1894 bosio
691 1833 788 1913 grate
810 1828 944 1894 dabant.

228 1930 346 2016 Nupta
367 1931 447 2008 viro,
471 1931 583 2008 vidua,
608 1931 712 2016 virgo,
735 1930 925 2016 quicunque
949 1932 1067 2008 viator,

271 2032 405 2118 Absque
428 2033 545 2097 timore
568 2032 647 2096 meli
670 2031 849 2116 proficiunt
871 2037 905 2096 et
927 2032 999 2097 iter.

228 2132 408 2200 Providens
431 2141 466 2199 et
487 2134 633 2220 prudens
657 2133 733 2198 fidei
757 2139 884 2199 secreto
905 2135 1069 2220 requirit„
1213 2139 1278 2201 200

272 2235 442 2314 Fervidus,
465 2235 668 2322 applaudens
691 2235 829 2320 suscipit
850 2240 886 2300 et
907 2237 1037 2302 retinet.
1265 2319 1268 2324 Ι

227 2335 369 2403 Sanctus
392 2337 552 2402 Paulinus
574 2359 721 2402 reserens
744 2337 875 2403 oraculo
897 2338 987 2415 vitae,
1291 2361 1412 2412 Paulinus

271 2439 411 2504 sewino
433 2441 502 2526 regi
526 2407 684 2525 praedius
706 2440 776 2525 ipse
798 2439 905 2504 ficem.
1290 2439 1411 2559 §gagg

228 2539 317 2605 Sunt
339 2541 419 2606 dots
441 2562 498 2625 per
522 2540 692 2606 Christum
715 2539 822 2625 proles
844 2541 985 2606 victorio
1007 2565 1121 2629 regum
1132 2569 1141 2624 ;
1212 2548 1275 2610 205
1290 2562 1351 2612 tices
1364 2562 1424 2614 rim.

273 2643 400 2709 Firmet
423 2643 589 2718 Paulinus
613 2643 671 2706 det
693 2641 756 2706 sibi
779 2643 874 2727 signe
896 2663 1020 2708 manus.

227 2745 310 2810 AEde
332 2767 424 2812 sacro
446 2745 537 2810 Petri
558 2743 708 2830 bsptimt
729 2749 764 2808 et
785 2743 874 2809 hunc
897 2745 1052 2828 Eboraci5

272 2847 540 2934 Archipontificis
563 2849 610 2912 sio
632 2847 823 2912 cathedram
846 2855 993 2912 renovat.

228 2949 307 3014 Mox
330 2951 561 3016 combinentur
584 2949 709 3026 Petrus,
735 2949 910 3034 Virgoque'
923 2949 1036 3026 Beato,

272 3051 371 3116 Alma
393 3049 457 3116 Dei
480 3057 594 3127 meter,
617 3049 762 3136 claviger
784 3049 956 3115 rethereus.
1213 3059 1278 3120 210

229 3151 391 3216 Oaelorum
414 3153 557 3229 domino,
581 3152 698 3216 Petrus
721 3151 871 3237 princeps
894 3155 1151 3240 Apostolorum,1

272 3255 320 3319 Hi
343 3262 423 3321 sunt
445 3255 577 3342 petroni
601 3254 745 3320 besilicae
768 3255 900 3340 gemini.

230 3357 386 3422 Summus
407 3363 443 3424 et
465 3357 519 3424 ille
542 3357 670 3444 Cophy‚
693 3356 931 3442 prothoflemen
955 3363 1034 3424 tunc
1057 3359 1205 3438 Eboraci,

274 3462 425 3527 Credidit
448 3467 605 3538 armatus,
629 3460 773 3526 conterit
795 3459 865 3545 ipse
888 3460 973 3528 sene.

230 3562 329 3650 Regis
352 3564 395 3628 ed
418 3563 615 3650 exemplum,
639 3563 747 3648 ruptis
769 3563 835 3627 sris
857 3563 1029 3642 idolorum,
1212 3570 1277 3632 215

275 3665 472 3731 Innumeros
494 3665 635 3752 populus
658 3665 797 3730 confluit
818 3665 861 3729 ed
884 3666 1070 3731 levecrum:

230 3769 335 3854 Reges
358 3768 489 3844 invitet,
512 3769 654 3832 subeant
675 3767 885 3852 bsptismatis
907 3767 1040 3844 undem,

275 3869 435 3946 Erclesiis,
458 3868 552 3934 cleris
574 3868 714 3954 ampliet
735 3868 791 3934 ille
817 3867 924 3933 fidem.

231 3973 397 4038 Honorius
421 3992 507 4058 popo
529 3971 705 4037 Paulinum
726 3971 844 4060 palliat
866 3973 944 4057 ipse,

276 4075 382 4141 Officii
406 4075 536 4162 signum
559 4073 689 4159 plenius
712 4095 780 4138 esse
803 4079 906 4140 notat.
1216 4080 1280 4142 220
1359 4147 1364 4158 Ι

230 4177 304 4244 Rex
326 4177 417 4262 prius
441 4175 600 4241 Edwinus
618 4176 701 4260 jecit
722 4175 917 4242 fundamine
939 4178 1064 4263 templi,
1335 4165 1364 4196 w.

276 4281 417 4346 Sanctus
440 4285 475 4344 et
498 4278 672 4344 Oswaldus
695 4277 825 4364 perficit
846 4279 985 4364 egregie.

230 4381 260 4446 Ο
283 4403 383 4467 quam
405 4382 570 4468 presulem,
593 4403 692 4466 quem
716 4381 865 4457 eandida,
888 4403 988 4465 quem
1013 4381 1224 4446 venerandff

275 4484 403 4570 Regum
426 4484 561 4549 basilice
583 4485 743 4570 sanguine
766 4489 949 4569 purpureo!

292 4836 485 4904 Apostolorum]
505 4839 663 4906 populorum,
677 4837 706 4890 O.
761 4835 768 4906 Ι
815 4837 999 4905 lnerrcrandc]
1019 4837 1199 4901 reverends‚0
