3410 5840
755 665 943 716 anemonas
965 665 1012 715 Im
1034 663 1060 715 S.
1084 663 1284 718 mosano..

531 847 658 918 Lauro
696 849 931 919 VL-Amotis
968 849 1073 939 igitur
1109 857 1233 939 patena
1270 855 1304 920 et
1342 851 1442 921 calice

480 951 582 1040 juxta
604 977 721 1044 corpus
742 957 779 1022 in
801 955 950 1043 sepulcro
981 955 1114 1023 fuerant
1137 955 1299 1038 collocati,
1323 957 1469 1044 archiep.

487 1073 550 1144 pus
572 1063 607 1124 et
637 1059 808 1146 episcopus
838 1058 970 1146 praefati
1003 1079 1072 1126 nna
1103 1077 1178 1126 cum
1212 1058 1287 1124 aliis
1321 1060 1380 1146 qui
1413 1082 1469 1125 mr:

487 1161 671 1248 praecellere
692 1161 902 1240 videbantur,
923 1161 1121 1248 incipientes
1143 1162 1289 1249 scopite
1312 1168 1442 1230 sanctas
1467 1185 1469 1228 r

488 1263 679 1348 quiescam
706 1263 818 1330 debita
848 1264 1034 1330 reverentia
1056 1263 1292 1330 convolventes
1326 1265 1363 1330 in
1398 1287 1469 1352 quar

487 1363 620 1452 capsula
641 1365 853 1448 locaverunt3
875 1372 910 1432 et
932 1365 976 1433 ad
997 1366 1105 1432 locum
1128 1373 1289 1433 secretum
1313 1389 1388 1434 cum
1413 1390 1469 1433 su]

488 1466 662 1534 devotione
684 1473 863 1555 portantes,
886 1469 1004 1556 sigillis
1027 1469 1188 1556 appositis
1209 1473 1243 1534 et
1265 1470 1416 1535 custodia
1439 1471 1469 1534 dr

488 1573 560 1634 tate
593 1575 803 1637 recesserunt.
849 1571 948 1636 Mane
979 1576 1092 1636 autem
1124 1569 1212 1636 facto
1246 1571 1422 1637 redeuntes
1453 1597 1469 1634 1:

487 1669 559 1737 luce
597 1693 704 1738 sacras
742 1671 857 1738 Sancti
893 1671 1048 1758 reliquias
1080 1693 1162 1758 quas
1193 1671 1287 1758 prins
1320 1672 1469 1738 involve,¹

488 1794 564 1839 cum
586 1775 772 1840 reverentia
794 1773 993 1852 evolventes,
1017 1774 1106 1862 ipses
1132 1779 1242 1840 vestes
1265 1775 1386 1860 quibus
1421 1775 1469 1862 gl:

488 1896 562 1940 sum
584 1896 700 1962 corpus
722 1875 912 1942 involutum
927 1876 1039 1942 fuerat
1061 1875 1098 1941 in
1120 1886 1250 1963 partem
1272 1876 1448 1962 ponebant.

488 1999 567 2043 vero
589 1999 664 2064 quae
686 1979 730 2045 ad
752 1979 896 2065 corporis
918 1977 1140 2044 substantiam
1161 1977 1383 2065 pertinebant,
1406 1979 1443 2043 in
1467 2005 1469 2038 ι

489 2079 562 2146 sula
583 2081 628 2147 ad
649 2081 711 2149 hoc
733 2081 910 2168 diligenter
930 2087 1117 2169 praeparata
1138 2080 1350 2159 collocabant,
1372 2081 1469 2169 signa:

489 2203 619 2270 capsam
642 2189 678 2250 et
699 2185 883 2252 custodiam
905 2183 1109 2250 adhibentes.

535 2286 662 2352 Laomo
685 2285 987 2372 vna-sequena
1011 2306 1089 2352 vero
1120 2285 1175 2352 die
1197 2285 1277 2351 dum
1301 2284 1469 2352 Matutim÷

491 2388 605 2454 Sancti
627 2387 786 2454 Willelmi
808 2387 1038 2454 Translatione
1060 2391 1284 2465 cantarentur,
1303 2387 1469 2453 dormiens

491 2489 527 2554 in
558 2490 696 2556 ambone
727 2489 925 2576 quibusdam
965 2489 1195 2556 canonicorum
1229 2489 1450 2555 servientibus

490 2613 565 2658 cum
588 2591 730 2658 dominis
752 2591 820 2658 suis
843 2592 886 2658 ad
909 2589 1079 2658 ecclesiam
1108 2595 1277 2668 venerant,
1301 2611 1387 2656 unus
1419 2591 1469 2655 ibit

490 2694 730 2780 quiescentium
755 2699 858 2782 caput
886 2715 985 2758 suum
1017 2693 1079 2759 sub
1110 2693 1217 2760 basim
1251 2693 1385 2780 pulpiti,
1408 2694 1444 2757 in

488 2796 554 2882 legi
577 2796 660 2861 solet
682 2795 910 2883 Evangelinm,
932 2793 1116 2861 reclinavit.
1163 2795 1208 2859 Et
1230 2799 1322 2860 ecce!
1343 2795 1422 2859 dum
1445 2799 1469 2861 t÷

491 2896 604 2963 Lectio
626 2897 799 2984 legeretur,
821 2895 907 2983 lapis
937 2895 1137 2962 columnaris
1159 2916 1227 2961 non
1248 2895 1370 2962 modici
1392 2899 1469 2983 poni

491 3020 602 3084 super
620 3005 721 3086 caput
757 2999 956 3085 quiescentis
994 2998 1121 3066 occidit.
1169 2996 1267 3078 Quod
1301 2997 1453 3064 videntes

491 3107 669 3188 praesentes
702 3101 843 3181 fuerant,
862 3100 1028 3188 putabant
1050 3105 1151 3188 caput
1174 3099 1279 3187 ipsius
1310 3101 1469 3188 irrecuper

491 3203 568 3268 liter
590 3225 659 3269 esse
681 3204 896 3282 confractum,
917 3205 1124 3269 accurrentes
1146 3205 1186 3268 nt
1205 3201 1351 3288 lapidem
1373 3203 1469 3290 erige*

493 3305 637 3391 Surgens
661 3327 739 3371 vero
761 3304 817 3370 ille
840 3305 899 3391 qui
925 3303 1118 3382 dormiebat,
1141 3302 1228 3366 nihil
1250 3303 1330 3368 mali
1362 3305 1469 3369 sentis

492 3411 604 3472 terram
627 3427 721 3472 suam
747 3427 848 3492 quam
878 3403 1025 3471 habebat
1057 3404 1096 3468 in
1128 3403 1238 3490 capite
1272 3403 1461 3482 dissolvens,

493 3509 596 3574 vertit
619 3529 661 3572 ex
683 3513 826 3594 utraque
859 3511 955 3593 parte
978 3505 1142 3592 capitisa
1176 3505 1337 3590 superiori
1368 3505 1469 3592 lapide

493 3610 641 3676 inferiori
663 3631 835 3687 corrosam,
857 3614 893 3675 et
916 3608 1011 3694 qnasi
1033 3605 1190 3672 dentibus
1218 3607 1442 3674 mordicatam.

494 3714 575 3779 dens
597 3733 676 3778 vero
698 3712 875 3800 praedictus
902 3710 1049 3776 serviens
1071 3731 1106 3774 se
1128 3729 1149 3774 a
1171 3713 1267 3775 tanto
1296 3710 1442 3795 periculo
1467 3711 1469 3776 Ι

494 3818 614 3893 ratum,
637 3813 709 3880 Deo
742 3813 972 3899 Omnipotenti
1007 3815 1042 3877 et
1073 3809 1195 3877 Sancto
1222 3809 1388 3878 Willelmo
1420 3833 1469 3900 gra

495 3939 513 3982 e
538 3917 571 3981 't.

512 3939 923 4082 glLao‘r101X.-Eodem
946 4033 1025 4080 vero
1056 4014 1112 4080 die
1135 4015 1222 4081 circa
1253 4014 1370 4082 horam
1402 4016 1469 4103 prir:

494 4117 767 4185 convenientibus
782 4115 825 4181 ad
848 4115 1017 4183 ecclesiam
1032 4114 1187 4201 praelatis,
1202 4117 1420 4202 praesentibus
1443 4123 1469 4184 el

495 4241 570 4307 rege
593 4225 628 4286 et
649 4219 772 4306 regina,
794 4239 832 4284 ac
854 4219 1002 4286 maxima
1024 4217 1183 4283 comitiva
1205 4218 1363 4285 comitum
1386 4225 1421 4286 et
1450 4221 1469 4286 b

494 4343 583 4400 num,
607 4321 774 4407 proposito
795 4320 888 4406 prius
910 4318 1012 4386 verbo
1035 4319 1098 4384 Dei
1125 4339 1185 4404 per
1214 4321 1437 4387 venerabilem
1462 4321 1469 4348 '⁸

495 4423 630 4492 lelmum
664 4428 745 4490 tuno
777 4421 935 4516 temporis
968 4419 1259 4512 archiepiscopum,
1283 4443 1342 4488 rex
1373 4423 1443 4514 ipsc
