3582 5798
688 894 848 945 aucrouu
870 894 1010 944 ssunrc.
1338 883 1378 947 91

330 1078 466 1166 reliquit
487 1081 643 1168 reliquias
667 1101 742 1146 suas
765 1081 913 1167 parvulis
945 1080 1021 1156 suis,
1044 1080 1165 1168 pignus
1188 1077 1381 1157 dilectionis,

330 1187 566 1250 testamentum
608 1185 688 1270 spei,
729 1183 807 1250 fidei
843 1183 1096 1250 firmamentum.
1160 1183 1253 1249 Licet
1293 1182 1381 1247 enim

161 1297 418 1354 Pa.1uiii.s.nunc
448 1288 617 1374 signorum
646 1291 795 1372 tempora
816 1307 884 1352 non
918 1286 994 1364 sint,
1023 1287 1124 1371 juxta
1157 1284 1250 1364 illud,
1272 1284 1382 1369 Siqua

328 1395 446 1455 raootrc
467 1411 540 1455 croc
561 1387 723 1466 caducus,
739 1387 819 1474 jaca
840 1409 912 1455 ocu
935 1395 980 1456 act
998 1387 1169 1476 propheto,
1192 1388 1383 1453 memoriam

328 1495 442 1556 tamen
464 1491 544 1558 facit
566 1491 657 1556 Deus
687 1490 889 1556 mirabilium
916 1513 1051 1556 suorum
1073 1496 1113 1556 ut
1144 1490 1383 1576 peregrinanti-

329 1593 434 1657 bus
424 1615 462 1658 m
494 1594 551 1659 via
582 1598 695 1678 torpor
733 1593 929 1670 excutiatur,
963 1592 1154 1658 sublevetur
1187 1613 1269 1678 spes,
1302 1592 1383 1656 fides

328 1694 494 1761 solidetur.
545 1694 644 1762 Unde
674 1716 781 1780 operae
813 1695 957 1780 pretium
992 1699 1043 1760 est
1065 1716 1104 1759 ea
1135 1694 1212 1759 stilo
1243 1694 1422 1818 posterisof
1395 1701 1522 1753 Thebane
1524 1703 1553 1752 fit

329 1819 473 1875 exarare,
496 1803 536 1862 ut
567 1801 742 1884 cognoscat
762 1797 931 1884 generatio
963 1797 1068 1862 altera
1098 1796 1264 1862 mirabilia
1294 1797 1382 1862 facta
1393 1768 1533 1900 ἰῃέ00οιἑο

328 1921 404 1964 cum
427 1900 576 1986 patribus
606 1900 737 1976 nostris,
760 1900 917 1985 quatinus
947 1919 1023 1964 cum
1054 1898 1126 1964 haec
1147 1922 1168 1964 a
1189 1899 1456 1986 parentibusue

327 2007 483 2090 postuma
505 2001 611 2088 proles
633 2002 775 2087 accipiat
796 2001 917 2086 quibus
935 2003 1201 2087 computantur'
1192 2023 1228 2066 m
1250 2003 1383 2078 semine,

330 2105 488 2170 studeant
517 2105 670 2170 associari
692 2104 729 2168 in
758 2102 952 2168 hereditatis
978 2103 1213 2170 benedictione.
1260 2101 1383 2170 Decur-
1445 2127 1447 2136 ’

330 2209 375 2272 sis
394 2209 510 2293 'itaque
533 2229 607 2292 quae
629 2205 804 2272 Osvvaldus
825 2213 937 2270 noster
957 2228 1015 2292 per
1037 2227 1167 2272 carnem
1189 2205 1385 2272 mirabiliter

329 2309 440 2396 gessit,
463 2309 605 2374 conflare
636 2307 736 2373 simul
759 2313 794 2373 et
829 2329 903 2394 quae
934 2312 1049 2394 postea
1079 2329 1138 2395 per
1169 2310 1276 2374 carnis
1309 2309 1384 2373 reli-2

330 2412 424 2498 quias
446 2416 541 2499 gesta
563 2416 643 2476 sunt
664 2415 775 2476 ratum
799 2409 963 2487 duximus,
988 2415 1028 2475 ut
1048 2410 1136 2476 sicut
1157 2433 1200 2476 ex
1226 2411 1293 2476 illis
1315 2413 1385 2498 glo·

330 2515 448 2580 riosius
462 2514 595 2590 victuri,
610 2507 668 2580 ita'
681 2535 758 2578 eum
781 2535 824 2578 ex
846 2512 920 2578 istis
934 2512 1136 2578 aetemaliter
1150 2513 1263 2579 vivere
1286 2520 1383 2580 autu-

330 2639 464 2683 memus.
512 2616 567 2682 Ita
589 2616 677 2681 enim
699 2615 830 2702 gladius
860 2619 972 2680 noster
993 2615 1045 2680 bis
1076 2616 1209 2682 acuitur
1236 2617 1273 2680 in
1298 2617 1384 2683 filios

331 2719 534 2797 diffidentiae,
547 2719 606 2805 qui
620 2717 773 2783 videntes
787 2715 926 2803 gloriam
949 2716 1013 2782 Dei
1035 2716 1107 2783 Deo
1129 2738 1198 2784 non
1220 2718 1385 2799 deferunt,

330 2821 387 2886 sed
409 2821 446 2884 in
468 2819 631 2905 sapientia
654 2817 761 2884 carnis
782 2817 1003 2904 malignantes
1032 2817 1216 2896 consilium,
1237 2819 1326 2885 facta
1347 2821 1383 2886 in

331 2923 452 3010 spiritu
488 2921 553 2987 Dei
596 2920 734 2986 malitiae
772 2941 869 2986 naevo
906 2919 1076 2986 obfuscare
1114 2943 1182 2986 non
1218 2929 1384 2992 verentur.

330 3025 412 3091 Haec
434 3028 569 3110 propter
598 3023 757 3108 quosdam
780 3022 838 3108 qui
871 3021 986 3086 livoris
1018 3023 1151 3088 dentem
1174 3031 1385 3105 exacuerunt,

330 3133 365 3194 et
386 3125 544 3192 adversus
560 3124 752 3192 Oswaldum
775 3129 975 3211 aperuerunt
997 3123 1146 3212 linguam
1163 3126 1384 3214 blasphemiae,

330 3231 514 3295 abnuentes
545 3227 644 3292 fidem
678 3227 854 3304 miraculis,
885 3227 966 3292 vitae
993 3227 1064 3312 ejus
1097 3249 1169 3293 earn
1203 3231 1384 3314 puritatem

333 3353 432 3419 quam
469 3330 657 3396 astruimus.
724 3328 790 3394 Sed
828 3349 883 3394 eos
921 3328 1065 3414 qualiter
1101 3330 1385 3416 comprehenderit

332 3434 424 3499 Deus
450 3433 487 3497 in
508 3431 635 3498 astutia
657 3452 724 3508 sua,
755 3453 795 3496 ex
820 3429 976 3517 subjectis
1007 3430 1156 3516 liquebit,
1178 3453 1254 3498 curn
1275 3438 1384 3499 retex-

196 3565 203 3580 ·
333 3537 455 3604 erimus
492 3533 610 3600 seriem
641 3531 883 3598 Translationis
915 3533 1041 3620 ipsius,
1078 3539 1114 3598 et
1146 3534 1187 3599 de
1222 3534 1275 3600 his
1306 3535 1383 3603 hac-

333 3645 440 3706 tenus.

332 3906 505 3991 Qctoccodo
527 3903 712 3973 morlachar
724 3903 928 4074 fctrc'SZc'tcoa
950 3912 1092 3972 curatae
1112 3905 1215 3972 estad
1230 3905 1384 3974 lucratam

840 4014 912 4074 acu

379 4182 496 4248 Frater
511 4181 655 4268 quidam,
671 4179 911 4267 Wigorniensis
927 4180 1071 4247 ecclesiae
1091 4181 1279 4263 monachus,
1294 4206 1382 4252 acer-
1394 4197 1549 4251 Ausonios

331 4287 416 4350 rima
445 4285 535 4350 febre
569 4283 753 4368 corripitur.
823 4282 885 4368 uuj
888 4305 927 4347 us
962 4304 1037 4349 cum
1070 4283 1252 4353 exhaustus
1213 4267 1541 4384 usvigorilffffimssssttfi'

331 4409 450 4475 corpus
471 4387 566 4473 quasi
589 4390 777 4452 emortuum
799 4305 980 4471 abjelissec,
1003 4387 1047 4452 ad
1069 4393 1218 4456 extrema
1240 4391 1381 4478 compel-
1394 4400 1498 4452 afever.

332 4492 423 4556 labat
445 4489 593 4557 defectus
615 4488 830 4554 naturalium.
875 4489 918 4553 Ιιι
941 4511 979 4554 eo
1001 4490 1090 4556 enim
1116 4491 1201 4556 nihil
1227 4515 1249 4558 a
1271 4495 1381 4562 dolore

331 4615 482 4671 vacuum,
505 4592 591 4658 nihil
612 4613 634 4658 a
655 4592 803 4658 cruciatu
825 4593 989 4658 intactum
1011 4594 1199 4681 apparebat,
1215 4597 1273 4663 sed
1295 4600 1383 4665 calor

333 4701 369 4764 et
390 4697 494 4784 frigus
516 4695 675 4762 vicariam
697 4695 803 4762 vicem
833 4700 1025 4762 mutuantes
1047 4698 1090 4764 ab
1112 4698 1253 4766 invicem
1285 4703 1382 4768 mise-

332 4823 407 4866 rum
437 4800 610 4887 fatigandi,
633 4799 830 4866 damnarant
852 4800 957 4866 vitam
988 4801 1098 4879 taedio,
1121 4823 1238 4888 corpus
1268 4806 1383 4870 exina-
