3530 5790
622 909 861 960 sscnsrssors
885 912 928 960 os
951 911 1056 960 ross.
1293 899 1355 961 351

307 1098 465 1183 temporis
496 1097 721 1164 vicecomitem
760 1097 847 1184 regis
880 1097 921 1162 de
953 1097 1089 1162 civitate
1121 1119 1195 1164 cum
1231 1097 1359 1184 ingenti

307 1199 450 1286 pompa1
474 1201 574 1278 exire,
598 1205 632 1266 et
654 1199 816 1265 ministris
831 1199 1067 1286 archiepiscopi
1090 1221 1165 1266 cum
1200 1201 1293 1286 equis
1325 1205 1359 1265 et

307 1301 484 1388 quadrigis,
513 1302 624 1367 tritico
657 1308 691 1367 et
723 1303 850 1368 caeteris
881 1301 924 1368 ad
957 1303 1084 1368 victum
1116 1303 1358 1388 pertinentibus
1411 1353 1415 1358 .

307 1405 460 1482 oneratis,
483 1426 550 1470 non
572 1405 669 1491 longe
692 1405 735 1470 ab
769 1405 849 1469 urbe
882 1404 1023 1470 obviare.
1071 1405 1360 1492 Interrogatique²
1373 1421 1531 1500 Thesheriff

307 1506 365 1590 qui
397 1511 515 1586 essent,
539 1513 573 1572 et
606 1507 700 1593 cujus
734 1511 843 1572 essent
876 1529 950 1592 quae
984 1506 1183 1583 afferebant3
1209 1507 1359 1586 “Servi’'
1372 1491 1516 1605 ffi‘rffiff

307 1609 472 1694 inquiunt,
507 1609 769 1695 “archiepiscopi
792 1629 927 1688 sumus;
958 1630 1033 1694 quse
1067 1611 1249 1675 necessaria
1281 1617 1360 1674 sunt
1374 1621 1483 1685 uishop’s

308 1712 390 1776 “ad
428 1711 499 1797 ejus
536 1713 799 1799 procurationem
832 1711 1036 1776 deferimus.’'
1092 1711 1153 1777 Ille
1185 1714 1359 1798 parvipen-
1372 1689 1528 1805 ffirfmm

307 1812 387 1876 dens
410 1813 690 1900 archiepiscopum
713 1819 748 1878 et
770 1812 910 1877 famulos
934 1813 1003 1899 ejus
1029 1814 1186 1898 praecepit
1207 1815 1359 1879 satelliti·
1373 1830 1453 1872 vante.

306 1914 368 1978 bus
390 1916 459 1980 suis
482 1917 593 1981 omnia
608 1937 682 2001 quae
697 1915 887 1990 afferebant,
903 1914 945 1978 ad
969 1913 1139 1980 castellum
1156 1915 1358 1980 Eboracense

306 2016 478 2096 divertere,
512 2023 546 2082 et
579 2018 616 2081 in
652 2017 843 2103 granarium
875 2016 961 2101 regis
992 2037 1119 2101 ponere.
1177 2017 1273 2096 Quod
1311 2019 1359 2082 ita
1372 2049 1425 2100 The
1437 2051 1509 2101 areh-

305 2117 432 2183 factum
466 2141 541 2184 cum
575 2119 767 2184 nuntiatum
800 2123 886 2182 esset
917 2116 1166 2206 archiepiscopo,
1198 2119 1253 2184 ille
1288 2121 1358 2185 sine
1371 2116 1476 2195 bishop·

306 2241 397 2285 mora
419 2220 544 2307 legatos
567 2241 641 2286 cum
673 2219 797 2286 clericis
828 2223 863 2283 et
885 2218 1014 2284 civibus
1036 2225 1112 2306 post
1133 2221 1356 2286 vicecomitem
1371 2184 1517 2300 ffl2¹¹¹⁸’

306 2322 458 2409 dirigens,
482 2322 655 2388 mandavit
678 2323 709 2386 ei
744 2326 784 2386 ut
806 2342 866 2386 sua
888 2320 952 2384 sibi
987 2321 1147 2399 redderet,
1180 2327 1214 2388 et
1237 2322 1358 2389 Sancto
1371 2317 1489 2432 struppis

306 2423 403 2488 Petro
437 2425 565 2510 sibique
588 2425 710 2490 vicario
741 2419 812 2509 ejus
846 2422 1057 2500 satisfaceret,
1080 2423 1228 2508 alioquin
1261 2425 1359 2490 sciret
1374 2392 1504 2433 msornt..

305 2527 413 2611 ipsum
448 2526 489 2591 de
523 2531 592 2591 tam
616 2525 851 2592 contumeliosa
881 2525 1005 2609 injuria
1038 2524 1190 2611 deinceps
1225 2528 1359 2612 pontifi-

306 2629 421 2694 caliter
442 2635 602 2695 acturum.
648 2627 703 2693 Ad
726 2627 813 2714 quod
837 2627 1031 2692 mandatum
1047 2628 1227 2694 vicecomes
1250 2629 1358 2716 indig-

306 2737 412 2810 natus,
436 2731 574 2817 superbe
598 2729 806 2816 respondens,
830 2729 926 2815 plura
949 2734 984 2794 ct
1010 2728 1159 2814 majora³
1180 2732 1356 2796 commina-

305 2839 369 2910 tus,
393 2833 479 2920 ipsos
503 2833 628 2919 legatos
660 2831 791 2917 injuriis
826 2843 861 2896 et
885 2831 1093 2896 contumeliis
1126 2832 1243 2899 affecit.
1291 2833 1357 2913 Qui

304 2935 347 3000 ad
371 2933 649 3022 archiepiscopum
673 2935 803 3012 reversi,
820 2956 894 3020 quae
910 2934 1085 3000 audierant
1104 2941 1138 3000 et
1153 2937 1358 3022 pertulerant

304 3037 512 3108 retulerunt*
558 3039 676 3123 Itaque
699 3036 969 3123 archiepiscopus,
993 3041 1032 3100 ut
1055 3043 1127 3102 erat
1148 3038 1201 3102 vir
1223 3059 1358 3125 magna·
1371 3049 1467 3100 Aletes

303 3140 414 3204 nimus
437 3145 469 3204 et
502 3139 649 3226 expediti
680 3137 817 3214 consilii,
840 3137 929 3204 illico
953 3157 1140 3224 preparans
1171 3161 1214 3216 se,
1247 3145 1282 3204 et
1315 3127 1472 3232 adffissg

303 3263 413 3327 regem
437 3241 564 3307 concito
587 3241 734 3317 tendens,
758 3239 940 3306 Lundoniis
965 3261 1039 3305 eum
1063 3241 1199 3306 invenit.
1371 3248 1516 3326 Londonro

349 3341 564 3429 Percrepuit⁵
586 3343 675 3408 illico
698 3363 810 3407 rumor
832 3363 890 3428 per
913 3347 1018 3406 totam
1042 3343 1213 3409 civitatem
1231 3314 1495 3409 venissethekmg.

304 3445 584 3533 arehiepiscopum
610 3444 855 3510 Eboracensem.
903 3445 1047 3530 Moxque
1071 3447 1243 3532 episcopus
1264 3445 1357 3510 illius

304 3549 452 3614 civitatis
475 3569 549 3614 cum
573 3547 790 3612 multitudine
821 3547 898 3612 cleri
922 3553 956 3612 ct
978 3547 1103 3634 populi,
1127 3551 1166 3626 ei,
1189 3557 1229 3614 ut
1261 3555 1357 3615 tanto

304 3650 468 3716 debebatB
504 3651 663 3736 pontifici,
695 3650 827 3714 obviam
860 3671 1007 3736 pergens,
1046 3652 1204 3716 orationis
1242 3653 1357 3738 gratia,

303 3748 431 3837 primo⁷
454 3752 497 3817 ad
520 3743 689 3817 ecclesiam
713 3751 827 3816 Sancti
852 3751 955 3828 Pauli,
981 3751 1099 3816 deinde
1123 3753 1164 3817 ad
1190 3754 1356 3819 ecclesiam

304 3854 419 3921 Sancti
442 3853 532 3920 Petri
549 3853 843 3930 westmonasterii,
867 3853 926 3918 ubi
949 3875 1007 3918 rex
1031 3859 1110 3932 erat,
1134 3877 1209 3918 eum
1225 3855 1357 3922 honori·

303 3955 362 4022 fice
395 3956 573 4022 comitatus
607 3961 665 4020 cst.
712 3953 797 4020 Cum
831 3960 944 4018 autem
966 3956 1114 4021 venisset
1135 3976 1245 4022 coram
1269 3979 1356 4044 roge,

306 4065 341 4125 et
364 4081 424 4124 rex
447 4061 478 4124 ci
501 4080 671 4144 assurgere
695 4063 730 4122 et
752 4057 899 4124 osculum
933 4058 1098 4144 porrigere
1122 4065 1277 4144 parasset,
1301 4061 1356 4126 ille

336 4336 343 4368 ¹
360 4335 464 4402 pompa]
484 4336 586 4399 populo,
599 4335 632 4384 A.
885 4334 895 4364 ⁵
915 4333 1077 4400 Pcrcrcpur't]
1098 4336 1255 4398 Percrebuit,
1275 4341 1305 4389 Β.
1324 4340 1357 4390 D.

333 4413 581 4478 2Ιηιεννοραιὶᾳιια]
628 4412 808 4478 Interroganti-
851 4413 881 4461 Ε.
896 4413 928 4462 G.
1346 4445 1348 4450 ,

300 4508 357 4557 que,
369 4493 403 4542 A.
885 4490 895 4522 ⁶
911 4491 1032 4557 debebat]
1053 4492 1099 4551 E.;
1118 4495 1216 4554 debeat,
1236 4497 1271 4546 A.
1284 4499 1314 4546 B.
1328 4497 1349 4550 C

332 4571 343 4602 ³
361 4569 470 4635 majora]
489 4570 582 4633 pejora,
595 4570 629 4618 A.
641 4569 672 4618 B.
691 4568 719 4620 C.
732 4570 765 4619 D.
777 4569 806 4618 Ε.
851 4571 885 4626 D.
897 4571 928 4619 F.
942 4571 974 4622 G.
986 4592 993 4630 ;
1011 4573 1123 4632 decebat,
1134 4571 1191 4624 MS.

299 4651 330 4700 F.
343 4650 375 4700 G.
883 4647 894 4688 ⁷
911 4650 1004 4718 primo]
1025 4650 1144 4714 primum,
1156 4653 1188 4703 G.

334 4729 345 4763 ⁴
361 4725 513 4796 νείκῖεηιηι]
534 4735 709 4792 sanaverunt,
720 4731 755 4780 A.
