3582 5798
676 943 835 996 AUCTORE
857 947 996 998 SENATO.

347 1267 519 1351 Quomodo
538 1291 631 1356 puae
654 1293 677 1336 o
699 1293 731 1336 se
754 1269 920 1340 tradicio
943 1271 1155 1357 locaquidam
1177 1274 1319 1340 saraed.

141 1494 258 1553 mer,
356 1471 428 1526 Erat
451 1460 569 1525 deinde
592 1469 639 1524 vir
662 1469 780 1542 quidam
803 1475 906 1544 potens
930 1467 964 1526 et
986 1483 1081 1526 carus
1111 1462 1211 1527 etiam
1234 1473 1364 1543 AEdgaro

142 1577 168 1627 1¹·
180 1565 220 1610 ³²·
310 1571 385 1642 regi,
402 1563 459 1649 qui
475 1563 614 1628 adversa
630 1561 822 1628 valetudine
846 1584 976 1648 pressus
993 1563 1115 1650 agebat
1137 1564 1173 1628 in
1196 1567 1365 1630 extremis.

310 1665 376 1730 Hic
409 1665 525 1730 audita
558 1666 735 1731 sanctitate
768 1665 865 1730 Beati
900 1664 1047 1730 Oswaldi
1081 1666 1172 1730 misit
1206 1667 1248 1731 ad
1279 1690 1364 1745 eum,
1379 1678 1467 1729 Asiek

310 1765 465 1831 fiduciam
487 1765 613 1831 habens
636 1767 672 1832 in
695 1767 839 1831 Domino
872 1771 906 1832 et
938 1767 974 1830 in
1006 1788 1100 1832 servo
1124 1767 1214 1853 Ejus
1237 1791 1305 1834 non
1327 1771 1364 1833 in
1376 1748 1522 1863 ffijffilff

310 1869 383 1934 ollis
406 1869 606 1934 medicorum
630 1870 688 1934 ubi
711 1869 973 1956 experimentum
996 1869 1106 1934 fallax.
1153 1870 1201 1936 At
1217 1871 1270 1934 vir
1291 1872 1363 1950 Dei,
1377 1877 1443 1942 help.

310 1971 470 2057 petitione
508 1971 599 2034 illius
637 1976 747 2036 motus
784 1972 910 2058 pariter
951 1975 985 2036 et
1026 1971 1210 2050 devotione,
1243 1995 1362 2060 panem
1377 2016 1446 2066 who

310 2072 502 2150 benedixit,
515 2073 725 2138 benedictum
748 2073 930 2138 destinavit
952 2079 1084 2158 aegroto.
1131 2073 1237 2154 Quem
1261 2097 1363 2161 aegro·
1376 2083 1470 2132 blesscs

310 2178 366 2238 tus
388 2175 485 2240 laetus
507 2175 688 2260 suscipiens
711 2176 870 2261 garstavit,
893 2175 1057 2260 gustando
1080 2174 1241 2240 virtutem
1264 2177 1363 2242 bene·
1376 2151 1533 2266 {3312in

311 2277 450 2341 dicentis
482 2277 626 2363 agnovit.
674 2277 791 2362 Neque
815 2278 903 2342 enim
926 2276 1007 2342 hora
1032 2279 1233 2363 pertransiit,
1257 2281 1363 2345 etin·
1376 2281 1486 2358 which·

311 2378 425 2443 finnus
447 2400 468 2444 a
490 2379 575 2444 lecto
598 2379 809 2465 aegritudinis
831 2401 900 2444 suae
923 2379 1103 2444 convaluit.
1376 2348 1521 2400 mmm

335 2481 427 2547 ·Neo
449 2481 572 2546 mirum
596 2482 624 2545 si
647 2482 756 2546 virtus
781 2482 1007 2547 benedicentis
1036 2483 1195 2547 transivit
1216 2484 1266 2548 ita
1288 2505 1363 2549 cum

311 2605 404 2671 pane,
429 2605 504 2650 eum
539 2584 641 2649 etiam
673 2584 745 2650 loca
778 2583 899 2669 quibus
934 2584 1112 2669 aliquando
1146 2585 1321 2651 insistebat
1343 2609 1364 2652 a

310 2685 477 2752 miraculis
509 2707 616 2753 vacua
647 2707 715 2750 non
746 2685 892 2750 fuerunt.
949 2685 1031 2750 Erat
1061 2686 1150 2750 enim
1184 2688 1363 2754 monachus
1376 2704 1494 2756 Amonk

312 2788 447 2874 quidam
481 2788 651 2876 Egelricus
682 2788 824 2866 nomine,
848 2788 905 2873 qui
939 2787 1009 2852 loco
1044 2809 1113 2852 sese
1145 2789 1363 2856 irreverenter
1376 2773 1478 2904 {flgffle

312 2891 459 2976 ingessit,
481 2891 540 2955 ubi
573 2895 668 2976 pater
698 2889 898 2955 venerabilis
920 2888 1110 2973 frequenter
1139 2890 1251 2956 sedere
1282 2892 1363 2958 sole·
1375 2905 1433 2955 falla
1441 2906 1526 2968 asleep

1375 2971 1401 3021 in
1411 2972 1535 3023 Oswald’s

1376 3045 1438 3088 seat.

200 2987 209 2999 '
312 2994 377 3058 bat.
425 2993 513 3059 Nam
544 2993 687 3079 quadam
719 2992 773 3057 die
807 3013 882 3057 cum
915 2991 951 3054 in
984 2990 1102 3055 balneo
1134 3013 1246 3057 curam
1277 2995 1363 3060 cutis

311 3095 459 3160 fortassis
481 3095 643 3160 curiosius
674 3116 774 3180 quam
805 3093 976 3178 expediret
1007 3099 1220 3178 procurasset,
1243 3095 1279 3158 in
1302 3095 1364 3159 im-

312 3195 479 3262 munditia
513 3197 695 3262 munditias
727 3217 886 3281 quaerens,
917 3194 1032 3259 volens
1065 3199 1179 3281 postea
1210 3197 1366 3262 emollitis

312 3299 451 3363 artubus
474 3319 612 3384 pausam
644 3298 730 3374 dare,
754 3297 854 3360 irruit
887 3296 924 3360 in
957 3297 1065 3362 locum
1089 3317 1187 3382 quem
1210 3297 1366 3376 diximus,

313 3405 347 3466 et
377 3401 590 3467 obdormivit.
649 3410 688 3464 Et
707 3407 770 3479 jam
793 3407 989 3480 quiescentem
1011 3397 1100 3464 altus
1123 3427 1208 3481 sopor
1230 3409 1366 3476 involvit,

216 3522 222 3534 ·
311 3507 354 3580 et,
370 3507 462 3568 ecce!
484 3502 585 3567 timor
607 3507 642 3567 et
664 3507 793 3579 tremor,
817 3505 851 3566 et
874 3511 987 3566 irruens
1009 3511 1167 3566 multitudo
1190 3511 1366 3568 daemonum.

312 3603 498 3670 Conferant
520 3625 595 3670 curn
618 3603 802 3669 dormiente
834 3625 933 3688 super
966 3623 1050 3668 ausu
1083 3605 1266 3682 temerario,
1289 3627 1364 3690 quae
1377 3619 1473 3670 Annia

1327 3714 1363 3774 pa
1375 3689 1493 3738 attached
1500 3687 1535 3752 by

312 3708 489 3786 temeritas,
522 3729 597 3792 quae
628 3707 749 3772 mentis
779 3706 923 3791 perditio
954 3712 1145 3792 usurpasset
1176 3707 1284 3772 locum
1314 3708 1326 3771 i
1376 3755 1489 3804 demone.

312 3816 471 3876 sanctum.
518 3809 669 3894 Cumque
693 3809 843 3874 districte
866 3808 1038 3894 stupidum
1061 3809 1313 3886 examinassent,
1330 3816 1364 3874 et

312 3912 368 3978 ille
399 3933 467 3976 non
498 3911 636 3977 haberet
666 3911 709 3976 ad
742 3909 813 3975 haec
844 3909 925 3995 quid
957 3909 1185 3994 praetenderet,
1209 3919 1363 3986 invadunt,

313 4028 459 4096 torquent,
484 4021 606 4088 laniant,
638 4011 766 4077 ratione
789 4010 902 4076 delicti
932 4010 1090 4076 mulctam
1121 4011 1291 4096 exigentes
1322 4011 1366 4076 ab

312 4115 482 4181 insolente.
543 4115 604 4180 Ille
642 4119 755 4179 autern
790 4112 1018 4178 considerabat
1051 4113 1305 4199 circumquaque
1330 4105 1365 4178 'si

313 4219 420 4284 locum
443 4221 556 4282 tutum
579 4217 622 4282 ab
644 4217 697 4281 his
720 4215 874 4280 manibus
905 4213 1079 4291 inveniret,
1104 4215 1132 4278 si
1155 4215 1299 4300 aliquem
1321 4216 1365 4282 ad

312 4319 601 4406 interpellandum,
624 4325 664 4382 ut
687 4339 761 4383 cum
785 4338 822 4382 eo
845 4315 961 4381 mitius
983 4321 1143 4403 ageretur.
1191 4317 1258 4383 Sed
1288 4340 1363 4382 cum

312 4428 490 4507 utrumque
513 4420 710 4507 praeclusum
744 4419 808 4483 sibi
841 4417 1077 4504 perpendisset,
1102 4423 1136 4483 et
1167 4419 1365 4486 invaluisset
1378 4428 1522 4480 Thamonk

312 4525 405 4590 dolor
427 4543 525 4609 super
547 4544 632 4600 eum,
655 4543 723 4608 prae
746 4521 902 4608 angustia
923 4519 1059 4605 spiritus
1081 4529 1178 4602 erupit
1200 4531 1232 4584 in
1254 4495 1497 4612 vocem,{{¹,}⁵,21¹1¹{

313 4625 545 4692 miserabiliter
575 4624 749 4690 clamorem
779 4621 936 4700 intonuit,
958 4628 999 4687 ut
1029 4623 1200 4690 audientes
1231 4624 1506 4691 dueeretwhathn

253 4774 262 4800 9
314 4731 351 4796 in
373 4734 549 4814 stuporem.
587 4728 776 4794 Accurrunt
797 4731 920 4803 tamen,
935 4733 1142 4790 vociferantem
1157 4736 1285 4807 pulsant,
1301 4695 1513 4810 pul-{¹(‚a¹t’1¹},e‚{¹eed

164 4841 170 4854 “
217 4841 224 4856 ·
315 4847 412 4898 sanes
450 4839 590 4896 excitant.
660 4828 836 4902 Excitatus
868 4847 936 4899 uon
968 4827 1038 4892 sine
1071 4827 1192 4895 doloris
1225 4825 1508 4943 vestigiosshgffh
