3582 5798
686 871 846 922 rumora
868 867 1009 920 sarcre.
1325 851 1368 920 73

318 1059 429 1119 tenter
451 1053 630 1121 inclinatur
652 1055 695 1120 ad
717 1071 928 1133 consensum
953 1073 1059 1141 neque
1082 1055 1170 1119 enim
1194 1075 1247 1119 eos
1271 1051 1372 1118 latuit
1384 1056 1456 1106 With
1468 1056 1511 1106 the

318 1156 478 1222 sanctitas
508 1157 582 1236 viri,
605 1156 662 1223 sed
697 1163 731 1223 et
763 1163 842 1224 vota
874 1157 1070 1244 populorum
1104 1155 1306 1243 colliguntur
1336 1155 1373 1219 in
1384 1122 1514 1242 ξζζθῧᾷοοῖ

319 1257 354 1321 id
377 1259 494 1344 ipsum⁸
1386 1265 1467 1308 cester

365 1359 511 1447 Eligitur
548 1383 624 1448 ergo
663 1361 838 1428 Oswaldus
872 1361 908 1424 in
942 1361 1150 1446 pontificem·
1165 1360 1305 1447 erigitur
1338 1361 1375 1424 in
1386 1325 1479 1390 ΜΨ

320 1461 459 1547 specula,
483 1461 643 1528 sollicitus
670 1463 852 1549 anticipare
875 1458 1025 1548 exemplo
1056 1461 1214 1548 quicquid
1246 1461 1376 1528 doceret

321 1563 429 1630 verbo.
497 1564 674 1652 Coepitque
712 1569 825 1652 pastor
861 1585 938 1630 oves
982 1565 1018 1629 in
1055 1587 1211 1650 pascuam
1253 1587 1375 1650 cogere,
1388 1577 1510 1629 Osvnld’e

321 1667 393 1732 cibo
423 1665 561 1732 delinire
593 1689 660 1732 non
692 1669 750 1754 qui
785 1667 872 1754 perit
902 1667 958 1732 sed
993 1673 1172 1753 permanet,
1196 1688 1376 1752 proponere
1388 1646 1499 1775 ffiffiff

321 1769 410 1834 viam
444 1769 534 1846 vitae,
564 1770 703 1856 gloriam
734 1770 859 1856 panim,
884 1769 1046 1836 incolatus
1080 1769 1253 1846 miseriam,
1286 1791 1377 1834 men·

322 1877 436 1957 tresque
459 1871 607 1937 virorum
637 1873 673 1936 in
700 1873 910 1938 dilectionem
942 1871 1065 1958 erigere
1089 1871 1286 1936 Conditoris.
1334 1871 1378 1934 Et

323 1977 362 2037 ut
393 1973 514 2039 laboris
552 1973 717 2040 instantia
747 1973 960 2060 responderet
990 1973 1132 2053 aflectui,
1159 1972 1279 2037 effudit
1310 1994 1378 2036 sese

323 2074 459 2162 vigilem
491 2077 527 2140 in
560 2077 774 2154 orationibus,
797 2081 988 2164 promptum
1022 2077 1058 2139 in
1081 2073 1267 2140 elemosinis
1299 2095 1379 2159 qua-

325 2177 416 2242 tinus
439 2178 636 2266 dirigeretur
659 2179 694 2242 in
717 2179 871 2244 manibus
894 2179 964 2264 ejus
991 2177 1079 2243 salus
1110 2177 1261 2241 filiorum.
1309 2185 1378 2240 Ger·
1392 2191 1531 2258 Hebringc

324 2295 443 2332 manum
466 2271 586 2346 autem,
610 2275 692 2349 cqjus
719 2295 806 2350 supra
836 2277 1032 2343 meminimus,
1057 2275 1166 2331 directo
1198 2271 1229 2330 in
1253 2273 1379 2330 Galliam
1391 2261 1543 2377 {Osmfssnuir

324 2379 429 2434 nuntio
451 2369 629 2448 revocavit,
653 2383 683 2434 et
708 2377 781 2434 alios
803 2377 882 2434 viros
911 2364 1088 2455 religiosos,
1112 2373 1151 2432 ut
1182 2389 1294 2432 eorum
1318 2342 1526 2453 openiisseffi

324 2493 363 2536 ac
385 2469 496 2536 studio
518 2492 577 2557 per
606 2469 773 2536 dioecesim
797 2493 890 2536 suam
914 2469 1029 2557 religio
1060 2465 1221 2556 copiosius
1245 2491 1380 2555 augere·
1390 2461 1451 2526 help
1462 2459 1526 2509 hin.

325 2578 389 2640 tur.
434 2583 586 2642 Venerunt
608 2574 651 2639 ad
683 2595 759 2640 curn
782 2589 922 2655 praeterea
945 2575 980 2639 et
1011 2571 1070 2639 alii
1106 2571 1315 2658 quamplures
1339 2594 1380 2637 ex

325 2671 458 2762 Anglia,
481 2675 673 2760 collectique
706 2679 786 2740 sunt
810 2675 931 2740 fratres
963 2675 1156 2755 duodecim3
1179 2676 1268 2740 inter
1300 2695 1381 2760 quos

327 2773 445 2846 quidam
477 2774 534 2829 suit
556 2774 689 2830 Ednotus
720 2774 850 2841 nomino,
875 2773 927 2846 qui
950 2775 1043 2844 gradu
1077 2774 1231 2830 sacerdotii
1265 2775 1383 2828 functus

327 2855 369 2920 ob
391 2855 611 2920 reverentiam
627 2855 708 2921 vitae
731 2865 768 2920 cb
790 2863 856 2920 aliis
880 2863 984 2920 Senior
1005 2863 1273 2935 cognominabatur.
1314 2853 1383 2918 Hos

327 2944 444 3009 fratres
468 2951 627 3020 Osualdus,
650 2959 684 3008 ut
710 2951 796 3024 juxta
825 2971 958 3010 normam
992 2953 1133 3026 propositi
1167 2943 1383 3030 invigilarent

327 3047 600 3112 meditationibus
623 3045 741 3113 salutis
767 3047 884 3113 diebus
907 3067 945 3113 ac
975 3047 1137 3124 noctibus,
1159 3045 1195 3111 in
1217 3046 1300 3110 villa
1322 3067 1383 3110 sua

327 3173 402 3236 quae
426 3151 590 3217 Westberi
620 3151 744 3218 dicitur
778 3151 959 3229 collocavit,
983 3151 1165 3237 praeficiens
1199 3150 1265 3215 illis
1300 3169 1553 3238 prae-Anumakes

328 3252 454 3318 dictum
473 3261 652 3318 Germanum
675 3261 871 3334 praepositum
894 3267 924 3318 et
946 3261 1150 3330 institutorem,
1174 3253 1285 3339 eisque
1308 3236 1536 3354 pro-glsuffibtf‘t

327 3375 446 3420 curans
469 3355 650 3420 neccssaria
672 3354 761 3420 vitae.
817 3353 1009 3441 .Goepitquc
1028 3354 1183 3421 delectari
1206 3355 1242 3419 in
1263 3354 1383 3420 studiis
1395 3370 1553 3436 turpentes

328 3477 441 3522 comm
472 3455 694 3537 vehementer,
717 3475 852 3542 seseque
882 3457 971 3521 inter
1000 3455 1075 3522 illos
1097 3455 1220 3543 raptim
1253 3458 1381 3544 agebat,
1395 3437 1540 3488 ΨΜ·

328 3559 472 3646 seipsum
506 3559 637 3624 furatus
670 3559 813 3646 negotiis
844 3557 1016 3624 hominum
1043 3563 1082 3625 ut
1114 3582 1172 3647 pro
1205 3561 1251 3626 eis
1283 3583 1382 3646 nego-

328 3661 469 3726 tiaretur
506 3682 581 3727 cum
619 3661 709 3747 Rege
746 3659 949 3748 Angelorum
961 3685 969 3743 3
1007 3663 1056 3728 ita
1093 3663 1182 3728 enim
1220 3663 1383 3728 alternare

328 3763 440 3828 studia
470 3763 652 3849 satagebat,
675 3767 714 3828 ut
743 3781 833 3829 nunc
859 3761 1079 3849 requiesceret
1112 3758 1149 3827 in
1182 3764 1384 3849 contempla-

329 3867 420 3931 tione
442 3863 633 3943 caelestium,
659 3883 749 3932 nunc
782 3865 825 3932 ad
855 3872 1055 3953 proventum
1087 3865 1251 3932 laboraret
1273 3865 1384 3952 proxi·

329 3987 465 4034 morum.

401 4256 571 4344 Quomodo
594 4259 719 4327 Beatus
744 4255 920 4325 onradus
941 4275 1020 4324 eum
1041 4253 1159 4324 cornito
1181 4249 1294 4343 Eylwi

522 4379 524 4382 ·
680 4359 850 4448 sentiscit
874 4359 1019 4427 Romcsc.

163 4533 280 4592 Eadmcr,
380 4515 513 4580 Interea
535 4523 662 4578 instabat
678 4521 839 4577 Dominicae
862 4521 1080 4577 resurrectionis
1104 4511 1280 4590 festivitas,
1303 4528 1333 4578 ct
1347 4523 1384 4578 ad
1401 4515 1506 4594 &mil
1531 4531 1536 4540 '

164 4617 188 4666 p.
204 4603 243 4650 17.

334 4624 412 4696 regie
435 4621 636 4702 praeceptum
659 4623 750 4680 totins
777 4623 861 4694 regni
884 4623 1021 4679 nobilitas
1044 4612 1252 4696 convolavit3
1274 4583 1499 4702 perso-{iii}cll
