3582 5798
676 900 836 949 lucrosa
860 899 1000 950 snrnro.
1314 886 1356 949 63

306 1081 387 1146 dens
410 1082 571 1146 virtutem
603 1081 640 1145 in
662 1070 763 1147 verbo
790 1083 927 1148 Domini
959 1083 1048 1168 quod
1080 1103 1148 1147 non
1179 1087 1256 1146 ante
1287 1102 1362 1166 per-

307 1184 424 1250 veniat
444 1193 513 1248 solis
528 1194 677 1248 occubitus
693 1207 793 1270 quam
815 1187 902 1272 regis
918 1185 1113 1271 triumphus.
1160 1185 1364 1267 Factumque

139 1295 232 1372 ¹139&-
308 1291 360 1351 est
380 1287 441 1351 ita.
488 1286 594 1351 Fusus
616 1291 667 1352 est
690 1287 862 1364 exercitus,
879 1295 907 1353 et
930 1287 973 1352 e'o
997 1310 1051 1352 ore
1083 1287 1207 1353 Odonis
1230 1285 1367 1351 uerbum

137 1375 202 1412 Μ’
215 1365 256 1409 24·
312 1392 459 1458 Domini
470 1415 588 1459 uerum
603 1400 658 1468 est,
675 1393 827 1479 factaque
843 1399 893 1458 eat
909 1395 1095 1480 deprecatio
1113 1393 1198 1479 justi
1213 1399 1366 1478 penetru-

137 1493 264 1544 Reunia
312 1494 415 1562 bilior
437 1495 534 1561 carui
555 1495 673 1580 plodio
695 1495 854 1581 ancipiti.

142 1567 181 1610 η’
358 1597 426 1663 Iste
441 1599 542 1663 etiam
559 1597 641 1678 Odo,
665 1598 823 1682 quoniam
846 1597 989 1663 ecclesiae
1014 1597 1261 1664 Dorubernensi
1285 1618 1366 1682 prae-
1381 1603 1526 1654 0d0’s2eal

312 1701 449 1778 sidebat,
468 1701 547 1786 jura
578 1700 779 1766 Divinorum
812 1701 964 1766 cultuum
996 1701 1032 1764 in
1062 1723 1163 1788 regno
1190 1702 1369 1786 prudenter
1381 1672 1481 1802 {ffsffil
1481 1699 1492 1708 '

312 1802 573 1868 administrabat.
621 1802 690 1867 Ubi
714 1803 803 1866 enim
826 1802 954 1887 aliquid
978 1802 1177 1880 indecorum,
1201 1803 1369 1868 honestati

314 1905 513 1970 contrarium
538 1905 675 1969 obvium
698 1903 879 1980 habuisset,
894 1926 962 1969 non
985 1905 1141 1990 parcebat
1163 1905 1275 1970 oculus
1291 1905 1370 1990 ejus,

314 2007 371 2071 sed
394 2009 429 2070 in
452 2007 558 2072 securi
578 2007 722 2092 justitiae
745 2007 936 2072 eradicabat
958 2007 1185 2095 malignitates
1208 2008 1371 2072 immissas

316 2131 375 2195 per
389 2110 525 2196 angelos
548 2110 662 2175 malos,
709 2110 808 2174 Unde
830 2132 905 2175 cum
928 2110 995 2174 illis
1014 2103 1130 2175 diebus
1153 2110 1289 2175 Edwius
1313 2131 1372 2174 rex

316 2213 509 2298 Anglorum‚
538 2213 625 2278 sicut
656 2219 729 2278 erat
755 2218 1039 2299 praesumptuosus
1072 2217 1106 2276 et
1135 2213 1279 2277 insolens
1313 2233 1370 2276 ex·
1385 2231 1541 2283 Herebukes

316 2319 482 2400 pugnator
504 2313 621 2380 alienae
644 2314 824 2399 pudicitiae,
848 2314 1017 2400 negligens
1041 2337 1118 2390 suae,
1140 2336 1225 2401 vaga
1247 2300 1446 2418 fractusffiss

317 2416 456 2481 libidine
480 2416 642 2482 exarserit
671 2417 707 2479 in
731 2417 907 2501 quandam,
930 2439 1030 2501 quam
1057 2422 1169 2502 spreta
1192 2417 1256 2481 fide
1283 2416 1372 2480 thori
1425 2384 1473 2432 wy.

318 2519 604 2584 subintroductam
636 2517 789 2596 habebat,
816 2519 966 2584 instabat
995 2520 1135 2584 antistes
1160 2519 1232 2584 Odo
1263 2540 1373 2604 regem

318 2643 471 2686 revocare
492 2621 536 2686 ab
558 2643 666 2686 errore
690 2621 755 2686 viae
779 2643 856 2698 suae,
878 2626 1071 2707 opportune,
1093 2623 1281 2708 importune
1304 2643 1373 2686 cor-

319 2725 432 2808 ripuit,
455 2723 512 2788 sed
535 2723 672 2788 minime
695 2724 847 2788 correxit.
904 2723 1011 2809 Super
1033 2724 1148 2788 eadem
1172 2724 1273 2788 etiam
1297 2723 1374 2786 dum

320 2827 539 2911 corriperetur
568 2849 590 2892 a
620 2827 723 2890 Beato
754 2826 938 2904 Dunstano,
962 2831 1044 2891 tunc
1067 2828 1224 2912 temporis
1248 2826 1375 2890 Glesto-

322 2928 429 2992 niensi
452 2927 582 3006 abbate,
606 2929 685 3014 quia
707 2950 776 2993 rem
799 2928 952 2994 illicitam
983 2934 1181 3015 usurpasset,
1204 2929 1247 2994 ab
1270 2928 1377 3013 indig-
1428 2943 1435 2956 ”

152 3055 196 3104 Pe.
209 3053 252 3103 vii.
264 3057 302 3103 15.
323 3032 456 3096 natione
472 3031 609 3116 spiritus
625 3031 772 3116 coracepit
789 3030 936 3098 dolorem
950 3038 979 3096 et
998 3031 1131 3117 peperit
1146 3031 1377 3116 iniquitatem,

324 3140 543 3219 sanctumque
565 3134 676 3198 virum
701 3157 718 3199 c
741 3135 851 3219 patria
878 3135 1009 3200 exulem
1039 3135 1111 3200 fieri
1137 3135 1248 3220 jussit.
1306 3135 1379 3214 Quo

324 3237 448 3315 audito,
465 3237 663 3302 venerabilis
687 3238 769 3314 Odo,
785 3238 940 3302 turbatus
962 3238 1091 3324 spiritu,
1107 3238 1214 3303 factus
1237 3244 1288 3302 est
1310 3242 1379 3302 tam

323 3339 456 3404 nefariae
479 3339 527 3404 rei
549 3339 701 3424 publicus
724 3338 837 3404 hostis.
907 3339 989 3404 Erat
1011 3340 1202 3405 scandalum
1226 3339 1313 3425 quod
1344 3340 1380 3403 in
1391 3373 1485 3424 Hm,

324 3443 435 3530 gladio
469 3442 614 3528 Spiritus
652 3443 693 3507 de
723 3464 824 3528 regno
857 3442 919 3507 Dei
944 3442 1060 3508 tollere
1091 3465 1159 3508 non
1193 3442 1379 3528 praevaluit,
1392 3455 1478 3532 ¹1J⁰V0⁸
1490 3442 1532 3490 ¹1¹⁹

325 3546 490 3632 applicata
512 3565 614 3610 manu
637 3545 783 3610 militum
806 3547 1032 3631 attemptavit,
1049 3546 1284 3631 infandamque
1308 3567 1379 3608 mu·
1392 3523 1510 3624 iffi,

325 3648 439 3713 lierem
461 3669 482 3712 a
504 3646 606 3734 regali
630 3647 722 3712 curia
745 3647 908 3712 violenter
923 3648 1099 3726 abstraxit,
1115 3648 1380 3732 abstractamque
1393 3643 1535 3700 coartans

326 3752 362 3814 in
390 3749 586 3814 Hiberniam
617 3749 787 3836 relegavit.
835 3750 1032 3834 Numquid
1062 3751 1196 3816 timeret
1227 3751 1289 3814 iste
1322 3750 1380 3814 ubi
1393 3708 1540 3825 &ilidii

159 3867 205 3918 Pe.
215 3863 268 3914 xiii.
281 3869 304 3914 5.
327 3875 394 3918 non
417 3857 502 3918 esset
525 3853 632 3927 timor,
655 3852 713 3937 qui
736 3874 804 3917 non
827 3853 1012 3938 trepidavit
1034 3853 1093 3916 ubi
1116 3859 1189 3917 erat
1211 3853 1335 3917 timor?

374 3953 467 4018 Idem
491 3954 591 4018 etiam
615 3953 756 4018 antistes
779 3959 868 4020 tecto
891 3954 1042 4040 deposito
1064 3954 1314 4019 Cantuariensis
1329 3975 1379 4018 ec·
1394 3972 1529 4022 Whenhis

329 4055 435 4122 clasiae
468 4060 509 4119 ut
539 4055 640 4120 altius
674 4061 823 4142 surgeret
850 4061 1016 4122 structura
1046 4079 1223 4132 murorum,
1256 4079 1297 4121 ne
1329 4057 1380 4119 in·
1394 4039 1528 4156 'cathepuq

330 4158 428 4223 terim
466 4157 571 4222 imber
604 4157 757 4223 influeret
795 4158 934 4223 obtentu
972 4181 1104 4244 precum
1142 4159 1324 4245 promeruit
1361 4121 1538 4224 aporppips„

332 4260 482 4324 Domino.
530 4259 676 4337 Videres,
695 4260 789 4345 'quod
824 4261 959 4344 quidem
992 4261 1142 4326 mirabile
1166 4262 1249 4339 visu,
1273 4283 1381 4326 aerem
1395 4241 1508 4358 {fflg’uh

333 4385 418 4449 saepe
441 4364 477 4426 in
499 4363 604 4427 nubes
627 4362 747 4448 colligi,
770 4363 891 4428 resolvi
914 4365 949 4427 in
972 4365 1120 4442 imbrem,
1144 4371 1179 4430 et
1210 4365 1299 4431 hunc
1329 4324 1552 4440 ca-hispriycrs.

333 4467 433 4531 sitare
482 4465 757 4551 circumquaque3
802 4467 860 4531 sed
899 4467 1025 4533 virtute
1062 4469 1128 4532 viri
1160 4469 1256 4533 stetit
1293 4469 1384 4534 unda

334 4567 448 4644 fluens,
480 4589 639 4653 suspensa
669 4567 754 4633 mole
784 4568 820 4632 in
842 4589 916 4634 aere
951 4591 1217 4656 quaquaversum
1248 4571 1386 4656 patebat

335 4671 481 4736 ambitus
504 4669 656 4736 eeclesiae.

381 4771 532 4854 Quadam
560 4773 658 4840 etiam
691 4773 745 4839 die
767 4795 842 4841 cum
873 4779 978 4841 staret
1006 4749 1124 4842 altario
1157 4733 1387 4842 immolaturus
