3454 5816
433 857 498 920 432
701 870 801 920 LIVES
823 871 867 920 or
890 871 961 920 raa
984 872 1222 924 arcamarcaa

256 1068 381 1150 Themgc
431 1060 548 1126 tentiae
570 1061 744 1145 procedere
767 1083 835 1127 non
857 1061 999 1126 deberet.
1047 1061 1140 1141 Quae,
1164 1060 1338 1146 divulgata
1360 1060 1397 1124 in
1428 1029 1488 1124 oie

255 1134 412 1205 ⁰f²h⁰¹¹¹¹¹g·
432 1161 621 1238 multorum,
645 1162 850 1227 devenenmt
872 1162 916 1228 ad
937 1161 1093 1227 notitiam
1117 1162 1203 1248 regis
1226 1161 1360 1227 Henrici
1384 1181 1490 1246 saepe-

432 1261 523 1340 dicti,
548 1263 605 1348 qui
637 1263 828 1349 hujusmodi
859 1284 927 1329 non
960 1263 1128 1349 patienter
1158 1263 1278 1342 ferens,
1301 1263 1490 1329 occasiones

431 1385 600 1447 perversas
622 1369 736 1430 contra
766 1364 1041 1450 archipraesulem,
1056 1369 1218 1449 tanquam
1253 1385 1386 1430 suorum
1408 1363 1490 1428 sub-

393 1529 394 1533 ,
432 1465 578 1530 ditorum
625 1465 799 1544 fautorem,
835 1487 993 1551 quaerens,
1029 1465 1240 1532 irascibiliter
1278 1465 1489 1532 machinavit

255 1577 323 1627 who
333 1583 419 1630 omem
432 1567 575 1650 qualiter
597 1567 633 1633 in
655 1589 730 1633 eum
755 1567 924 1634 vindicare
939 1572 1077 1652 poterat
1117 1567 1265 1633 Tandem
1288 1588 1376 1632 anno
1391 1566 1488 1652 regni

254 1644 402 1762 ‘Slffiessf
431 1669 483 1732 sui
506 1675 601 1736 sexto
616 1671 790 1736 mandavit
811 1669 958 1736 iohanni
982 1669 1172 1746 Beauforth
1188 1671 1309 1736 seniori
1332 1669 1487 1746 filiosuo,

254 1783 371 1852 aaran
430 1774 545 1837 comiti
577 1773 792 1851 Somersetiae,
827 1778 999 1858 quatenus
1023 1773 1098 1838 aliis
1130 1773 1332 1859 postpositis,
1355 1773 1484 1840 dictum

253 1843 315 1892 hun.
429 1875 765 1942 reverendissimuml
789 1881 926 1962 patrem,
949 1896 1155 1963 quacumque
1187 1877 1281 1962 regni
1316 1881 1409 1962 parte
1432 1875 1486 1939 in·
1515 1933 1521 1938 .

429 1984 577 2057 ventum,
597 1979 718 2044 acriter
739 1978 920 2044 infestaret.
967 1978 1043 2058 Qui,
1065 1978 1202 2045 collecta
1228 1969 1346 2064 popuii
1369 1977 1485 2042 multi-

427 2081 553 2159 tudine,
576 2081 752 2148 crudeliter
778 2081 872 2168 jussa
901 2085 1041 2168 paterna
1072 2081 1281 2166 perimplens,
1315 2080 1485 2167 quamcito

426 2183 469 2247 ad
491 2185 702 2269 prasentiam
725 2183 874 2269 ejusadem
908 2182 1173 2248 reverendissimi
1197 2183 1312 2269 patria,
1335 2183 1483 2248 in'cras·

426 2285 498 2351 tino
521 2285 730 2351 Ascensionis
752 2285 899 2362 Domini,
930 2285 1011 2350 xixa
1034 2284 1087 2350 die
1121 2285 1211 2364 Maii,
1234 2305 1321 2353 anno
1345 2283 1484 2352 Domini

251 2397 390 2475 rhoean·
428 2400 473 2452 ΜΟ.
499 2401 599 2454 cccc&
624 2389 751 2473 quinto,
773 2387 971 2465 advenisset,
986 2387 1115 2472 impetu
1131 2385 1339 2472 rapidissimo
1363 2407 1483 2451 manus

234 2464 343 2593 ξζῗξζῖ
351 2480 373 2516 ¹⁸
427 2487 464 2554 in
498 2511 574 2554 eum
611 2489 774 2555 violentas
812 2494 913 2573 atqua
950 2487 1125 2573 sacrilegas
1162 2493 1233 2554 tam
1270 2488 1340 2573 ipse
1379 2507 1481 2572 quam

428 2591 480 2655 sui
511 2591 684 2677 complices
718 2589 946 2655 inhumaniter
976 2593 1190 2675 apponentes,
1213 2589 1391 2676 praefatum
1425 2611 1482 2654 ve·

426 2686 606 2758 nerabilem
640 2697 769 2778 patrem
803 2691 949 2755 maximo
982 2690 1132 2756 tumultu
1152 2695 1198 2756 'et
1220 2689 1414 2777 ignobiliter
1436 2690 1480 2756 ad

424 2799 568 2860 castrum
599 2793 811 2858 Pontisfracti
844 2791 1033 2877 turpissime
1066 2791 1282 2858 convitiando
1315 2792 1480 2877 perduxe-

423 2901 512 2973 rrmt,
543 2896 641 2960 unico
673 2899 806 2960 tantum
837 2893 1003 2970 familiari,
1025 2898 1108 2978 puta
1130 2892 1307 2979 capellano,
1330 2915 1352 2957 a
1380 2893 1478 2980 longo

247 3003 301 3052 and
424 3003 591 3081 sequente·
615 2997 678 3062 sibi
710 2995 833 3060 relicto.
878 2994 1020 3072 Abinda,
1043 3015 1148 3080 pauco
1180 2995 1309 3060 dierum
1340 3016 1478 3060 numero

246 3069 386 3186 ffihssh,
424 3097 554 3176 effluxo,
577 3099 686 3184 ipsum
709 3094 931 3171 venerabilem
954 3101 1083 3182 patrem
1105 3095 1141 3160 in
1164 3095 1322 3180 majorem
1345 3095 1397 3160 sui
1420 3095 1477 3160 de-

247 3200 348 3316 kiffflat
424 3206 572 3286 spectum
595 3199 638 3264 ad
661 3199 846 3264 manerium
875 3219 972 3262 suum
996 3197 1037 3261 de
1056 3196 1319 3284 Bisshopthorpe
1353 3197 1476 3264 adduci

245 3268 355 3398 {¹0ss}
422 3302 579 3377 fecemmt,
605 3300 664 3364 ubi
694 3299 777 3366 feria
809 3300 953 3366 secunda
983 3299 1020 3362 in
1051 3299 1236 3385 septimana
1258 3299 1475 3377 Pentecostes,

420 3405 593 3470 accedente
631 3407 749 3469 octava
787 3401 841 3465 die
880 3399 986 3478 Junii,
1024 3421 1111 3468 anno
1154 3401 1291 3466 Domini
1329 3417 1472 3468 noceor.

420 3507 587 3593 praedict0,
610 3509 789 3571 memorato
813 3526 888 3590 rege
910 3503 999 3570 infra
1032 3503 1160 3568 dictum
1191 3503 1376 3570 manerium
1398 3525 1473 3590 per-

245 3627 358 3679 winiam
369 3631 400 3680 de
420 3609 577 3676 sonaliter
598 3609 822 3684 interessente
838 3606 974 3692 quidam
990 3603 1176 3670 Willelmus
1199 3604 1356 3672 Fulforda
1370 3605 1472 3682 milas,

244 3695 383 3812 1²⁰¹{h12‘1ff
415 3712 502 3798 juria
525 3717 559 3777 et
581 3711 769 3776 litterarum
801 3708 936 3794 peritus,
959 3707 995 3772 in
1029 3705 1255 3793 principaliori
1287 3706 1363 3774 seda
1386 3707 1472 3772 infra

244 3765 315 3890 iiis)
329 3779 388 3906 ein·
419 3815 529 3880 aulam
553 3813 688 3880 manerii
715 3811 864 3897 praedicti
887 3831 947 3896 pro
970 3809 1131 3874 tribunali
1153 3809 1279 3888 sedens,
1303 3813 1382 3876 anta
1404 3831 1470 3875 me·

243 3895 394 4012 ppppptprm
419 3922 583 3982 moratum
606 3914 767 3980 athletam
800 3911 927 3978 Christi
961 3932 1070 3978 coram
1102 3931 1137 3975 se
1171 3910 1391 3978 irreverenter
1412 3911 1470 3976 ad·

419 4019 564 4092 ductum,
587 4017 695 4103 capite
717 4015 784 4081 fere
807 4013 1030 4081 truncandum
1053 4012 1267 4098 adjudicavit.

243 4141 389 4195 Hersexe-
464 4119 638 4187 Sententia
661 4118 738 4194 lata,
768 4117 857 4182 idem
883 4115 1012 4184 athleta
1034 4137 1093 4202 per
1126 4115 1292 4184 maleficos
1314 4113 1469 4196 trahitur,

242 4211 389 4327 “effleffleffil'
418 4223 606 4308 despicitur,
641 4225 675 4285 et
712 4219 857 4286 velocius
901 4218 1042 4286 transire
1082 4217 1298 4304 compellitur.
1357 4218 1468 4304 Atque

241 4341 338 4407 thorpe.
416 4347 514 4412 super
537 4345 669 4410 equum,
702 4343 868 4414 macerum
900 4320 999 4388 valde
1031 4326 1066 4386 et
1093 4320 1321 4398 indecentem,
1354 4319 1465 4406 ipsum
1519 4349 1524 4354 ·

417 4428 645 4514 imprudenter
682 4425 794 4492 sedere
828 4424 987 4501 facanmt,
1020 4422 1107 4490 facia
1140 4423 1184 4488 ad
1219 4422 1358 4490 caudam
1390 4421 1467 4507 equi

416 4551 519 4596 versa.
564 4527 691 4594 Taliter
714 4548 790 4592 eum
813 4525 970 4592 ducentes
986 4546 1061 4592 cum
1084 4524 1268 4610 ignominia
1290 4529 1325 4589 et
1346 4523 1465 4591 rubore

714 4781 721 4814 ¹
739 4779 981 4848 reverendissimam]
1002 4780 1177 4841 reverendum,
1190 4779 1224 4830 H.
