3530 5790
225 1131 284 1194 rity.

396 868 461 933 394
656 885 756 933 nrvss
779 885 822 934 or
845 885 914 932 ssu
937 883 1175 934 nncssrsnors

226 1064 275 1114 πᾶ
288 1081 358 1118 seve.
395 1069 582 1153 proximum
605 1070 725 1148 induit,
750 1091 931 1156 corpusque
954 1091 1052 1134 suum
1075 1070 1272 1134 mirabiliter
1294 1075 1329 1136 et
1358 1069 1442 1132 mul·

393 1171 553 1256 tipliciter
588 1173 719 1250 afflixit,
757 1195 796 1238 ac
824 1173 953 1258 plebem
992 1173 1057 1236 sibi
1095 1173 1302 1237 commissam
1340 1171 1441 1236 verbo

395 1272 535 1358 rigidae¹
559 1274 800 1338 exhortationis
823 1277 858 1338 et
892 1272 1043 1358 exemplo
1077 1274 1142 1359 piae
1177 1273 1437 1340 conversationis

392 1396 503 1461 regere
529 1397 566 1442 ac
595 1376 773 1442 informare
807 1375 946 1440 studuit.
1003 1375 1100 1439 Vixit
1134 1381 1243 1440 autem
1279 1375 1441 1440 Henrieus

393 1477 428 1539 in
461 1477 744 1564 archiepiscopatu
786 1477 841 1542 vii.
876 1477 982 1554 annis,
1009 1476 1130 1562 quibus
1156 1477 1328 1564 completis
1360 1476 1443 1542 obiit

393 1741 575 1813 Apostolicus
591 1727 759 1797 consecrans
782 1741 942 1795 Henricum
966 1740 1213 1812 archiepiscopum
1236 1741 1442 1796 Eboraceusem

393 1832 470 1903 apud
493 1831 622 1896 Trevers,
655 1833 686 1886 in
717 1831 827 1886 octaris
858 1829 959 1885 Sancti
974 1829 1112 1895 Androm
1136 1829 1261 1885 secunda
1291 1829 1443 1885 Dominiea

393 1933 545 1988 Adventus
560 1933 689 1998 nomini,
705 1943 792 1986 anno
808 1921 944 1986 Domini
967 1922 1142 1988 millesimo
1164 1937 1310 1986 cxnvnr.
1358 1921 1443 1987 Gon-

394 2033 537 2093 secratus
560 2027 672 2112 itaque
697 2025 861 2092 Hemicus
884 2025 1028 2091 cilicium
1051 2048 1120 2092 suae
1143 2026 1233 2092 carni
1255 2025 1442 2112 proximum

393 2130 513 2207 induit,
552 2149 733 2214 corpusque
771 2149 868 2192 suum
907 2127 1105 2192 mirabiliter
1143 2135 1177 2192 et
1215 2127 1443 2212 multipliciter

393 2231 521 2305 afflixit,
537 2253 576 2298 ac
598 2231 727 2317 plebem
750 2230 814 2294 sibi
837 2231 1044 2296 commissam
1066 2230 1166 2295 verbo
1189 2229 1304 2315 rigidae
1327 2229 1442 2295 exhor·

393 2335 538 2409 tationis,
554 2339 589 2398 et
611 2332 760 2418 exemplo
784 2333 847 2418 piae
870 2331 1128 2397 conversationis
1151 2353 1260 2416 regere
1283 2351 1321 2396 ac
1342 2331 1442 2396 infor-

393 2446 483 2489 mare
498 2423 635 2488 studuit.
683 2431 827 2486 Henricus
842 2431 1073 2502 archiepiscopus
1095 2421 1223 2485 rediens
1246 2430 1278 2484 in
1292 2429 1442 2500 Angliam,

393 2541 479 2595 quem
508 2523 635 2593 recipere
658 2538 707 2576 rex
732 2521 896 2590 Stephanus
926 2526 956 2574 et
978 2521 1081 2574 civitas
1102 2519 1290 2575 Eboraeansis
1312 2537 1372 2574 nou
1395 2537 1440 2575 ao·

393 2613 513 2684 quievit,
535 2613 666 2682 factaque
689 2615 733 2664 est
756 2610 885 2664 confusio
908 2610 1034 2664 maxima
1056 2609 1087 2664 in
1110 2627 1152 2664 aa.
1207 2608 1342 2680 Quisquis
1364 2609 1442 2664 euim

392 2702 518 2757 adeum
541 2701 639 2772 egredi
669 2704 857 2771 presumeret
887 2717 905 2752 a
927 2699 1046 2754 civitate
1076 2699 1106 2752 iu
1129 2715 1232 2754 manus
1260 2699 1368 2752 civium
1397 2715 1440 2756 re·

392 2779 547 2856 incideret,
576 2808 643 2845 cum
675 2794 820 2843 tormento
851 2793 882 2843 et
921 2788 1027 2842 demum
1060 2805 1157 2843 rerum
1187 2805 1304 2842 suarum
1334 2786 1441 2858 ejectus

391 2887 443 2936 est.
490 2880 656 2935 Praebffldas
687 2879 717 2932 in
743 2877 843 2932 fiscum
866 2877 990 2932 redactas
1021 2882 1099 2942 sunt,
1123 2883 1154 2932 et
1184 2877 1316 2931 homines
1343 2877 1441 2932 Sancti

392 2971 471 3025 Petri
494 2969 641 3024 violentiis
664 2973 694 3022 et
716 2966 925 3037 direptionibus
948 2967 1080 3037 expositi.
1126 2967 1162 3022 In
1179 2965 1275 3037 Ripou
1298 2965 1441 3022 Haurieus
1511 2960 1515 2968 ’

391 3059 622 3130 archiepiscopus
645 3075 674 3112 se
689 3056 808 3126 recepit,
824 3061 854 3110 et
877 3055 908 3109 in
924 3055 1079 3125 Hugonem
1094 3055 1310 3120 Puteaoeusem,
1328 3055 1440 3110 thesau-

391 3150 510 3215 rarium,
526 3153 556 3204 et
571 3149 602 3201 in
619 3164 717 3202 omnes
740 3145 770 3198 in
787 3145 904 3199 civitate
921 3145 1093 3200 Eboraccnsi
1114 3145 1303 3200 consistentes
1323 3145 1439 3200 anathe-

391 3239 478 3293 matis
501 3237 674 3293 sententiam
697 3234 785 3288 dedit.
842 3233 929 3288 Anno
953 3224 1087 3289 Domini
1127 3234 1252 3291 ncxnu⁰.
1278 3233 1440 3305 Stephanus

391 3347 441 3383 rex
472 3327 509 3382 ad
540 3311 727 3382 Beverlacum
758 3323 913 3388 divertens,
938 3323 1103 3394 pecuniaria
1132 3341 1220 3394 poeua
1249 3325 1280 3378 in
1310 3323 1441 3378 homines

392 3419 471 3472 illius
494 3417 549 3471 loci
572 3417 651 3470 ultus
673 3418 726 3478 est,
751 3413 800 3482 qui
824 3412 985 3467 Hauricum
1001 3412 1259 3484 archiepiscopum,
1282 3430 1316 3468 eo
1338 3413 1436 3468 incon·

391 3508 477 3571 saltu,
502 3508 533 3561 in
556 3505 658 3561 villam
681 3519 763 3558 suam
785 3503 912 3572 recipere
935 3507 1186 3573 presumpserant.

435 3597 523 3651 Anno
546 3585 682 3651 Domini
704 3607 779 3656 non,
796 3591 884 3661 Hugo
908 3591 1101 3656 Puteacensis,
1117 3591 1312 3647 thesaurarius
1334 3591 1439 3647 Ebora·

391 3687 494 3750 censis,
511 3685 587 3756 apud
603 3685 705 3740 darum
723 3681 881 3744 absolutus,
897 3683 928 3735 in
944 3682 1069 3750 gratim
1089 3681 1211 3736 Raurici
1233 3681 1440 3753 archiepiscopi

390 3781 521 3846 receptus
543 3779 594 3830 est.
641 3773 733 3827 Filius
756 3787 868 3840 quoque
890 3770 968 3840 regis
992 3769 1143 3840 Stephani,
1161 3771 1342 3836 Eustachius,
1363 3771 1440 3826 solus

391 3883 457 3920 cum
484 3864 544 3919 solo
568 3862 695 3918 Haurico
718 3858 931 3930 archiepiscopo
963 3859 1086 3926 locutus,
1110 3876 1226 3914 omnem
1256 3860 1440 3915 inimicitiam

390 3955 510 4010 remisit.

435 4043 523 4098 Auno
548 4031 683 4096 Domini
707 4055 782 4094 neni.
815 4038 978 4109 Stephanus
1000 4055 1050 4093 rex
1073 4043 1103 4092 et
1124 4037 1269 4094 Heuricus
1284 4039 1438 4112 archiepis·

329 4147 334 4154 ·
389 4150 476 4204 copus
499 4135 696 4188 convenerunt
723 4130 754 4183 in
776 4130 912 4199 gratiam,
934 4127 1110 4198 remissaque
1140 4133 1184 4182 est
1206 4129 1238 4182 in
1269 4129 1441 4184 alterutrum

388 4222 524 4278 adversus
537 4238 636 4275 omnes
651 4224 755 4274 cuncta
770 4218 905 4288 querela;
929 4215 1062 4288 idemque
1084 4217 1325 4288 archiepiscopus,
1348 4218 1379 4271 in
1394 4217 1442 4284 die

391 4311 593 4367 Conversionis
625 4309 724 4364 Sancti
757 4307 852 4372 Pauli,
876 4307 908 4360 in
939 4306 1005 4361 sede
1036 4323 1088 4360 sna
1110 4307 1283 4362 Eboracensi
1309 4313 1440 4378 receptus

390 4407 443 4465 est,
460 4400 613 4472 privilegia
635 4398 812 4467 dignitatum
833 4403 863 4450 et
884 4395 1050 4450 libertatum
1070 4396 1107 4450 ab
1122 4395 1298 4466 Apostolicis
1313 4397 1440 4452 ecclesus

391 4487 565 4545 Eboraeensi
581 4487 741 4558 antiquitus
764 4486 880 4551 collata,
897 4485 956 4556 ipae
979 4484 1128 4556 redempta
1151 4503 1236 4556 super
1250 4485 1342 4541 altme
1357 4485 1439 4542 obtu-

391 4579 437 4646 lit,
461 4570 518 4655 qui
546 4574 580 4633 et
610 4577 663 4632 sub
692 4576 876 4632 anathemate
907 4573 1059 4630 interdixit
1081 4592 1118 4630 ne
1140 4575 1205 4646 quis
1227 4593 1262 4631 aa
1288 4575 1382 4632 denuo
1403 4576 1441 4632 ab

757 4818 887 4886 mque]
908 4816 1001 4886 egino,
1013 4821 1042 4870 s.
