3530 5790
595 881 831 932 sncnsrsnors
856 882 900 930 or
923 883 1027 932 roan.
1267 873 1330 936 369

281 1078 434 1136 sessionem
472 1079 585 1137 faoamt
641 1071 819 1158 Regressus
853 1073 889 1137 in
919 1073 1076 1160 Angliam
1107 1095 1175 1152 rer,
1210 1075 1333 1160 episco-

113 1169 203 1261 nugs,
216 1187 239 1235 n·
281 1194 405 1258 porum,
429 1174 595 1250 abbatum,
627 1179 661 1240 et
691 1173 979 1240 Oantuariensium
1010 1175 1246 1240 monachorum
1265 1203 1330 1255 sug-

113 1240 168 1286 m'
280 1271 469 1341 gestionibus‚
493 1269 527 1329 et
556 1259 798 1344 persuasionibus,
820 1273 997 1338 muneribus,
1021 1281 1051 1328 et
1073 1275 1331 1346 pollicitationibus

280 1351 465 1429 distraetus
487 1353 660 1418 mandavit
683 1353 817 1418 Thomae
840 1369 873 1417 ut
888 1364 1131 1418 consecrationem
1147 1354 1330 1434 suscipiens,1

278 1449 405 1506 ecclesiae
422 1451 622 1507 cantuariensi
646 1453 851 1524 professionem
878 1453 993 1518 faceret,
1010 1451 1072 1507 sine
1094 1453 1263 1524 praejudicio
1285 1471 1329 1508 ec-

279 1541 374 1594 clesias
398 1559 457 1596 susa
480 1538 515 1596 et
537 1553 758 1598 successorum
788 1553 931 1608 suorum,
955 1547 1073 1613 proptor
1095 1560 1222 1597 amorem
1245 1559 1329 1597 suum

182 1683 184 1688 ,
278 1633 308 1682 et
332 1647 430 1700 pacem
455 1631 547 1700 regni.
599 1621 662 1686 Illo
684 1623 763 1686 vero
785 1622 999 1686 immobiliter
1022 1622 1057 1686 in
1080 1623 1247 1708 proposito
1270 1644 1329 1687 suo
1343 1631 1398 1680 The
1416 1631 1498 1696 nugs

278 1721 482 1805 persistente,
507 1743 566 1786 rex
596 1722 790 1810 indignatus
820 1723 994 1788 mandarit
1017 1721 1070 1799 ei,²
1094 1724 1181 1808 quod
1205 1725 1232 1788 si
1256 1746 1329 1810 pro·
1343 1697 1430 1813 {3222

279 1823 449 1888 sessionem
466 1825 595 1903 faceret,
611 1846 756 1890 amorem
771 1847 867 1890 suurn
890 1825 1046 1904 haberet3
1069 1827 1097 1889 si
1119 1847 1195 1903 non,
1210 1826 1330 1912 imper·
1343 1829 1374 1878 he
1386 1831 1472 1880 makes

279 1932 416 2011 petuam
454 1927 613 2012 perderet,
652 1933 687 1991 et
724 1949 836 1992 omnes
870 1949 988 2013 genere
1027 1928 1090 1992 sibi
1129 1896 1455 2013 p1·0pinqu0s}{¹,⁹„¹},',⁰‘

279 2027 536 2094 extenninaret.³
583 2029 762 2095 Consultus
800 2051 899 2114 super
930 2029 992 2094 hoc
1030 2029 1206 2094 cardinalis
1244 2029 1328 2094 nihil

277 2117 406 2182 consilii
440 2118 540 2184 dedit.
587 2127 729 2199 Sampson
753 2127 951 2198 Wigornensis
981 2128 1140 2199 epiecopus,
1165 2124 1199 2181 et
1229 2127 1327 2181 Ricar-

277 2206 338 2270 dus
362 2216 535 2281 Baioccnsis,
561 2221 642 2288 pater
664 2223 694 2271 et
727 2218 816 2271 frater
839 2217 927 2282 illius,
952 2213 986 2271 et
1018 2217 1053 2270 de
1087 2217 1235 2288 parentela
1266 2215 1328 2286 ejus

277 2299 388 2380 magni
411 2305 446 2360 et
467 2307 550 2376 probi
570 2297 650 2360 viri⁴
680 2307 740 2360 rim
762 2297 792 2360 ei
816 2305 986 2360 inferebant.
1040 2305 1205 2376 Temptavit
1227 2297 1327 2360 etiam

277 2393 479 2450 Dunelmenais
502 2396 651 2466 episcopus
673 2385 858 2449 Rannulfus
881 2396 1011 2449 animum
1034 2395 1121 2464 regis,
1138 2395 1277 2465 pollicens
1299 2396 1326 2448 ei

224 2507 228 2514 ·
277 2483 357 2537 mille
381 2501 491 2539 marcas
513 2486 638 2553 argenti,
662 2489 692 2538 et
714 2484 823 2552 reginae
846 2489 963 2538 centum
996 2502 1048 2555 pro
1070 2501 1105 2538 eo
1128 2487 1162 2538 ut
1180 2483 1326 2553 justitiam

276 2577 306 2625 et
324 2572 468 2642 judicium
498 2574 669 2628 canonicum
693 2565 889 2627 Eboracenei⁵
911 2573 1038 2628 eeclesiae
1061 2574 1246 2637 consentiret,
1270 2563 1327 2627 sed

275 2651 358 2715 nihil
381 2652 526 2737 profecit.
574 2662 622 2717 Sic
644 2673 721 2736 ergo
743 2661 909 2730 angariatus
931 2666 962 2716 et
983 2661 1141 2727 districtus,
1157 2666 1277 2720 mestus
1299 2649 1330 2716 et
1342 2667 1431 2718 Under

275 2766 403 2819 gemens
428 2742 592 2806 canonicis
609 2741 751 2806 ecclesiae
775 2741 890 2806 Sancti
914 2741 1027 2805 Petri⁵
1049 2742 1106 2826 qui
1139 2763 1249 2806 secum
1273 2763 1326 2805 ve·
1341 2743 1414 2798 Μ

273 2837 392 2895 nerant
413 2857 466 2895 nec
482 2839 713 2904 concedentibus,
729 2857 783 2895 nec
806 2839 1077 2904 contradicentibus,
1093 2841 1212 2895 tandem
1235 2840 1328 2894 facere
1341 2815 1473 2930 {2⁹:22²oe

273 2929 425 2984 consensit.
471 2929 554 2998 Quod
577 2920 709 3004 quidem
732 2928 898 2983 nullatenus
922 2921 1143 2996 consensisset,
1168 2919 1215 2984 si⁷
1236 2929 1327 2994 exilii,
1340 2933 1466 2983 todoso.

272 3022 302 3070 et
317 3018 505 3088 fatigationis,
523 3014 557 3072 et
579 3005 786 3074 ecelesiarum
810 3017 1080 3072 incommoditatum
1096 3035 1199 3089 corpus
1214 3019 1328 3089 patiens

272 3105 398 3174 haberet,
423 3107 472 3162 sed
503 3107 689 3178 corpulentus
720 3112 792 3172 erat,
815 3113 845 3161 et
878 3107 1014 3177 pinguior
1045 3125 1132 3178 quam
1162 3099 1328 3179 oporteret.⁸

272 3194 406 3250 Proxima
429 3185 564 3271 itaque⁹
586 3195 632 3251 die
656 3196 811 3251 Dominica
824 3213 841 3248 a
857 3187 997 3250 Ricardo
1013 3187 1237 3252 Lundoniensi
1253 3197 1326 3267 epis·
1340 3194 1367 3244 Is
1380 3211 1468 3246 eonse-

271 3301 342 3354 copo
365 3291 395 3339 et
425 3286 600 3356 coepiscopis
627 3287 658 3338 in
681 3285 801 3339 ecclesia
837 3285 920 3339 Beati
952 3284 1035 3339 Pauli
1068 3293 1249 3340 consecratus
1272 3289 1326 3350 est,
1340 3262 1466 3378 ffidffi‘,

271 3373 445 3443 professione
459 3373 536 3428 facta
550 3392 626 3428 nora
641 3379 671 3429 et
686 3363 843 3440 barbara,¹⁰
857 3374 1011 3445 personali,
1027 3374 1077 3430 sed
1091 3377 1166 3430 nulli
1187 3391 1327 3447 persona,
1342 3345 1489 3455 Junehff

270 3463 349 3517 salva
372 3463 535 3518 obedientia
557 3469 587 3518 et
609 3463 748 3518 fidelitate
771 3463 882 3518 domini
905 3481 988 3534 papae
1011 3469 1041 3518 et
1062 3465 1140 3534 regis
1155 3465 1282 3536 Angliae,
1299 3467 1329 3518 et
1343 3462 1410 3510 A·D·
1424 3465 1497 3512 11⁰⁹·

269 3553 349 3606 salvo
379 3551 446 3622 jure
476 3553 663 3606 Eboracensis
702 3553 839 3608 ecclcsiae.
897 3553 1175 3629 Proclamatumque
1209 3550 1260 3610 est
1292 3553 1329 3606 ab

270 3639 412 3696 Hsrbertc
434 3641 613 3696 Norwicensi
636 3641 768 3712 episcopo
785 3643 815 3694 in
831 3641 917 3712 plena
932 3643 1052 3696 ecclesia
1074 3648 1217 3714 praecepto
1239 3641 1326 3710 regis,

269 3730 346 3800 quod
368 3729 422 3786 hoo
445 3730 521 3801 quod
537 3730 662 3784 Thomas
678 3729 866 3785 Eboracensie
888 3721 1149 3807 archiepiscopus
1172 3733 1219 3786 hic
1242 3731 1326 3786 facie-

268 3819 327 3884 bat,
351 3837 410 3874 ncn
438 3817 559 3889 judicio,
583 3819 633 3874 sed
660 3818 743 3889 jussu
777 3824 807 3874 et
837 3819 987 3875 voluntate
1019 3820 1096 3890 regis
1127 3825 1198 3876 erat.
1245 3819 1327 3889 Quod

268 3907 472 3964 Dunelmeusis
494 3909 654 3980 episcopus,
678 3909 765 3964 altius
787 3908 952 3974 ascendens,
977 3909 1080 3964 melius
1103 3911 1258 3981 supplevit,
1284 3910 1326 3963 di·

569 4078 675 4084 —--—
1196 4079 1306 4087 ——oe-

303 4175 310 4207 ¹
328 4175 479 4242 mapiem]
501 4173 635 4242 accipiens,
647 4175 682 4225 A.
695 4175 725 4226 Β.
739 4176 769 4228 G.
821 4174 865 4236 iu,
888 4177 933 4226 but
949 4177 1010 4226 read
1033 4175 1214 4226 canonicorum
1230 4177 1326 4231 Ebora·

269 4255 302 4305 D.
314 4254 344 4304 n.
358 4253 387 4304 F.
401 4253 435 4305 G.
821 4252 915 4304 censis.

301 4331 312 4364 ¹
330 4331 366 4398 ei]
387 4331 708 4384 dicenturnam.
855 4333 865 4364 ⁶
883 4333 969 4398 Petri]
989 4335 1159 4386 Eboraceusis
1173 4336 1219 4386 iae.
1237 4337 1272 4388 A.
1293 4337 1323 4389 O.

301 4411 312 4442 ³
330 4409 519 4474 wimacus]
541 4409 685 4470 exierlaret,
697 4410 731 4459 A.
822 4409 854 4463 G.

303 4489 397 4554 ⁴airr]
418 4489 450 4538 ad
471 4487 529 4550 hoc,
551 4488 586 4538 A.
603 4487 651 4548 F.;
681 4488 773 4552 adhuc,
854 4489 919 4555 ⁷ai]
941 4491 993 4550 sed,
1005 4491 1040 4541 Δ.

271 4569 302 4618 B.
315 4568 344 4619 O.
359 4567 390 4616 D.
404 4567 436 4617 G.
855 4567 867 4599 ⁸
884 4569 1017 4634 oporteret]
1039 4577 1146 4634 optaret,
1159 4572 1194 4622 A.

305 4648 315 4680 ⁵
332 4645 503 4712 Ebur-ucenae]
524 4652 553 4697 ut
564 4647 703 4696 secuudum
719 4647 773 4710 jus
856 4645 867 4678 ⁹
885 4647 984 4713 itaque]
1005 4653 1097 4708 autem,
1109 4649 1145 4698 A.

273 4725 358 4776 titiam
369 4732 395 4774 et
404 4722 529 4787 judicium
542 4740 668 4774 canonum
681 4725 775 4774 Ebora-
857 4725 878 4757 ¹⁰
895 4740 959 4774 aava
970 4733 994 4774 cf
1014 4725 1138 4794 barbara]
1154 4743 1221 4780 nova
1234 4733 1322 4784 barba-

272 4803 350 4863 ceusi,
362 4811 419 4863 ete,
431 4802 465 4852 A.
478 4801 509 4853 0.
523 4801 556 4853 D.
568 4801 616 4862 F.;
633 4803 666 4853 B.
678 4803 730 4852 and
742 4802 774 4855 G.
825 4819 911 4867 reque,
924 4805 955 4854 Β.
969 4805 998 4856 C.
1010 4805 1043 4856 D.
1055 4805 1085 4854 E.
1097 4806 1128 4855 If.
1142 4808 1172 4858 G.

358 4895 451 4948 Osis.
1118 4915 1143 4962 Α
1164 4916 1188 4964 A
