3606 5798
673 893 753 944 amn
776 891 819 943 or
842 891 889 943 sr.
912 891 1075 942 wmnmn.
1332 877 1397 940 285

655 1217 703 1285 Dc
721 1219 927 1306 paralyticis
949 1183 1087 1286 coarctas·
1137 1293 1141 1302 ,

393 1414 574 1503 Cujusdam
597 1417 662 1481 viri
694 1417 730 1482 in
762 1417 905 1483 sanitate
939 1417 1020 1483 satis
1042 1417 1183 1482 virtuosi
1206 1417 1400 1503 paralyticae
1413 1436 1558 1490 Admsdfu

348 1517 508 1608 passionis
539 1519 722 1584 dominatio
753 1518 836 1584 adeo
870 1519 1017 1584 membra
1040 1519 1224 1606 popularat,
1248 1525 1287 1586 ut
1309 1505 1534 1636 quae'peiroenoiis

347 1617 430 1684 libet
463 1619 565 1686 ferme
603 1619 746 1706 eorporis
769 1641 926 1706 compago
959 1641 980 1685 a
1012 1621 1081 1686 suis
1112 1622 1250 1686 artubus
1288 1621 1400 1690 fuerat
1482 1588 1498 1638 y
1536 1606 1543 1620 ’

348 1719 516 1786 dissoluta.
563 1721 612 1787 Eo
644 1721 749 1808 igitur
779 1741 854 1786 cnm
876 1720 1090 1786 familiarium
1117 1722 1199 1787 fletu
1221 1721 1265 1789 ad
1287 1727 1398 1788 tumu—
1412 1749 1530 1801 rheam-

348 1821 418 1886 lum
452 1822 571 1904 delato,
603 1843 671 1890 non
703 1823 923 1890 membrorum
955 1823 1043 1910 rigor
1080 1824 1137 1889 sed
1174 1825 1269 1890 faciei
1301 1816 1542 1934 maborfffsffllf't

348 1925 508 2000 virtutem
531 1925 669 1992 vitalem
692 1927 796 1992 inesse
811 1925 967 1990 membris
989 1925 1159 1992 indicavit.
1207 1925 1278 1994 Nec
1300 1950 1399 1994 mora.
1413 1899 1548 2001 piamonis

348 2026 403 2091 Ad
434 2027 608 2094 verborum
632 2027 876 2096 vicissitudines
899 2026 1013 2114 lingua
1043 2027 1135 2114 prius
1166 2027 1271 2115 ligata
1296 2017 1492 2096 relax-‘⁰³¹¹’-

348 2135 445 2210 atur;
468 2151 586 2195 manus
608 2129 652 2195 ad
682 2150 778 2194 usum
802 2127 951 2194 debitum
974 2128 1111 2196 mobiles
1133 2130 1294 2211 redeunt,
1316 2129 1401 2197 redi·
1550 2133 1553 2140 ’

348 2230 437 2296 vivae
469 2231 591 2316 pedum
623 2231 716 2296 bases
747 2229 951 2309 solidantur;
974 2235 1008 2296 et
1039 2231 1130 2295 omni
1164 2231 1402 2298 imbecillitatis

347 2353 490 2398 marcore
513 2332 672 2420 deposito,
693 2332 797 2397 totius
820 2331 963 2418 corporis
985 2331 1109 2398 fabrica
1132 2339 1344 2402 restauratur.

396 2434 486 2516 Quid
520 2455 684 2500 currerem
717 2455 777 2521 per
806 2432 980 2520 singulos?
1041 2429 1195 2520 Quinque
1226 2436 1402 2522 paralytici
1414 2449 1477 2502 nive
1488 2451 1561 2502 oua

349 2535 527 2621 promiscui
548 2557 655 2614 sexus,
671 2556 753 2621 quos
775 2535 960 2600 miseranda
981 2535 1172 2620 paralyticae
1194 2538 1296 2622 pestis
1316 2540 1401 2608 cala·
1414 2518 1537 2648 mdis

350 2637 450 2704 mites
472 2643 549 2706 actu
572 2643 608 2704 et
628 2659 743 2724 gressu
773 2637 978 2714 destituerat,
1001 2637 1222 2705 incolumitati
1252 2641 1498 2726 pristinaeoureo.

306 2783 309 2790 ·
350 2740 492 2826 mystica
515 2739 641 2806 virtute
663 2735 864 2817 reddrmtur;
894 2743 929 2803 et
950 2737 1073 2824 linguae
1096 2739 1187 2826 prius
1210 2741 1321 2828 palato
1343 2765 1401 2811 an·
1455 2747 1482 2776 '¹

349 2862 446 2907 nexae
468 2841 512 2908 ad
533 2840 598 2907 Dei
621 2845 656 2906 et
678 2840 783 2907 sancti
806 2839 957 2926 praesulis
980 2839 1094 2907 laudes
1116 2847 1196 2908 sunt
1217 2843 1378 2912 resolutae.

396 2943 493 3009 Istud
508 2943 608 3008 etiam
631 2942 776 3028 stuporis
798 2941 964 3007 inseratur
981 2941 1017 3006 in
1032 2943 1161 3029 pagina.
1207 2935 1298 3011 Dum
1320 2948 1574 3014 fulloAvretclred

351 3045 487 3129 quidam
518 3043 727 3129 intempestae
759 3042 866 3108 noctis
897 3041 1029 3108 silentio
1061 3043 1098 3107 in
1128 3043 1213 3111 lecto
1244 3049 1403 3114 recubans
1415 3030 1562 3144 megpusy

351 3145 508 3232 vigilanti
538 3144 649 3210 studio
672 3144 852 3209 domestica
881 3143 1016 3230 negotia
1045 3145 1236 3218 mentaliter
1261 3154 1404 3234 pertrac-
1417 3109 1536 3212 diaconii

319 3271 321 3276 ’
351 3252 463 3325 tasset,
494 3251 585 3314 ecoe!
614 3245 750 3332 quidam
773 3245 952 3332 AEthyopis
974 3251 1179 3334 praesentans
1216 3249 1404 3337 imaginem,
1416 3229 1574 3360 {gfflssy

352 3355 482 3415 statura
512 3349 620 3434 gigas,
652 3347 756 3414 macie
793 3347 958 3432 squalens,
995 3353 1030 3413 et
1067 3349 1158 3414 omni
1196 3351 1512 3438 deformitateohvse

351 3452 477 3538 plenus,
493 3450 602 3516 oculos
617 3450 739 3536 igneos,
755 3449 871 3515 dentes
885 3450 1067 3517 voracitate
1081 3451 1198 3538 lupina
1220 3456 1405 3536 stridentes,
1417 3427 1520 3492 nmop.

352 3575 470 3618 manus
492 3551 618 3618 habens
640 3555 680 3616 ut
702 3572 831 3638 ungues
850 3550 1048 3640 aquilarum,
1071 3553 1227 3620 miserum
1257 3557 1320 3622 sub
1342 3559 1406 3626 lec-

351 3656 419 3722 tica
441 3655 640 3731 latitantem,
656 3652 710 3719 oui
731 3653 812 3738 fuga
834 3674 902 3718 non
924 3654 1060 3732 subfuit,
1091 3657 1221 3723 uncinis
1252 3661 1406 3726 manibus

352 3756 590 3844 apprehendit3
616 3775 715 3840 quem
736 3775 826 3820 nunc
849 3760 939 3821 rotat
960 3755 997 3820 in
1018 3777 1138 3843 gyrum
1162 3765 1202 3824 ut
1223 3761 1310 3826 vires
1332 3783 1405 3828 ver·
1418 3775 1567 3848 suscap-

352 3860 427 3926 ticis
459 3859 589 3925 auferat
611 3857 749 3942 vertigo,
772 3877 863 3923 nunc
893 3855 1026 3922 allisum
1058 3879 1152 3925 muro
1184 3869 1342 3946 provocat
1363 3849 1563 3968 adaunot?

352 3964 525 4050 lacrymae,
554 3982 644 4028 nunc
673 3959 924 4026 titillationibus
958 3961 1070 4047 tangit
1107 3968 1143 4028 et
1175 3963 1279 4029 risum
1316 3966 1408 4034 elicit
1447 3931 1549 3968 tmen.

353 4066 397 4133 ab
419 4065 536 4131 invito.
592 4061 648 4130 Sic
679 4061 768 4128 inter
794 4081 913 4128 manus
944 4061 1163 4128 horridissimi
1194 4067 1301 4133 noctis
1333 4090 1407 4155 per-

352 4171 474 4244 noctat,
498 4171 546 4244 et,
564 4163 692 4231 familia
723 4165 760 4228 in
786 4163 910 4229 somnis
939 4165 1079 4250 sepulta,
1111 4164 1251 4253 flagellis
1281 4174 1316 4235 et
1331 4229 1335 4236 .
1349 4171 1407 4236 fle·

354 4269 444 4335 tibus
467 4269 555 4335 solus
576 4255 734 4354 agitatur.
780 4265 845 4332 Die
867 4270 980 4332 autem
1003 4266 1090 4345 data,
1114 4268 1279 4355 disparuit
1300 4277 1407 4338 tortor

297 4385 301 4390 '
353 4376 531 4438 tortuosus.
593 4368 661 4436 Sed
687 4369 787 4434 miser
808 4367 1004 4454 arrepticius
1027 4390 1131 4434 uxore
1153 4371 1233 4450 visa,
1256 4371 1406 4440 faucibus
1419 4387 1512 4439 Attae

354 4473 488 4538 snmus
517 4471 650 4558 aperis,
672 4470 781 4557 gusta
812 4468 943 4533 nasus
976 4470 1175 4556 sanguineis,
1199 4452 1571 4574 apsnasmoffihffihe

354 4597 452 4642 eursu
486 4574 529 4640 ad
563 4573 784 4660 praecipitium
816 4570 998 4637 festinavit
1059 4571 1125 4637 Sed
1158 4574 1284 4654 mulier,
1307 4596 1538 4668 quamtumcu-

355 4679 408 4741 vir
430 4697 509 4743 suus
531 4675 674 4742 faciebat
696 4673 862 4751 audacem,
885 4672 1092 4739 debilitatem
1115 4675 1311 4744 obliviscens
1334 4654 1578 4774 mu-fflffi

355 4779 501 4858 liebrem,
533 4777 673 4844 retinuit
705 4775 794 4843 furia
824 4774 1092 4856 debacchantem,
1124 4783 1160 4844 et
1197 4777 1337 4848 famulos
1363 4783 1553 4853 adpreeipiee.
