3606 5798
434 823 499 886 224
678 837 702 885 s
724 835 989 886 corrmusrrou
1011 835 1055 886 or
1077 834 1148 885 rna
1169 834 1271 886 mvrs

434 1021 639 1109 apostolicus
663 1023 757 1108 quasi
781 1028 953 1110 peccatum
987 1022 1149 1090 ariolandi
1172 1022 1343 1109 reputavit
1365 1041 1484 1106 repug-

431 1147 509 1191 nare
543 1125 598 1191 vel
631 1117 862 1203 contradicere,
885 1135 919 1192 et
950 1126 1045 1211 quasi
1077 1127 1182 1193 scelus
1212 1124 1374 1191 idolatriae
1396 1122 1485 1189 nolle

430 1229 643 1313 acquiescere.
688 1227 833 1314 Fuitque
866 1228 903 1292 in
934 1229 1090 1315 angustia
1120 1228 1224 1292 animi
1255 1227 1383 1314 positus
1404 1226 1485 1292 dum

434 1329 591 1395 fnmtrata
614 1331 837 1396 Romanorum
871 1331 1038 1396 sententia
1070 1330 1200 1396 abbatis
1234 1329 1385 1396 consulto
1410 1349 1484 1414 pro-

432 1430 497 1496 fert
528 1432 722 1498 satisfacere.
769 1431 929 1517 Praecepit
950 1432 1074 1518 *itaque
1106 1431 1242 1498 tandem
1269 1431 1410 1497 cundem
1432 1430 1485 1497 W.

263 1539 377 1592 william
389 1539 410 1590 is
433 1532 476 1596 ab
499 1531 604 1598 officio
626 1532 803 1618 episcopali
825 1553 950 1598 cessare
980 1532 1083 1598 donec
1106 1531 1292 1598 Willelmus
1313 1533 1510 1620 episcopus¹

263 1609 404 1724 {ffiffid
432 1632 673 1710 Dunelmensis,
696 1635 839 1699 decanus
870 1633 1037 1718 quondam
1060 1633 1282 1711 Eboracensis,
1305 1632 1485 1700 secundum

264 1741 336 1790 arch-

264 1805 401 1870 bisbopric.

433 1737 600 1804 decretum
623 1737 810 1804 Innocentii
841 1758 936 1824 papae
968 1741 1172 1804 sacramento
1206 1760 1266 1804 suo
1299 1736 1379 1804 huic
1409 1759 1484 1804 con-

431 1838 600 1904 troversiae
632 1838 732 1904 finem
765 1839 866 1906 deret.
914 1837 1039 1904 Videns
1070 1860 1147 1925 ergo
1179 1839 1267 1904 idem
1301 1839 1485 1904 Willelmus

432 1946 570 2006 conatus
593 1962 668 2006 suos
690 1961 898 2026 nequaquam
921 1941 1114 2026 prosperari,
1130 1941 1173 2007 ad
1189 1941 1354 2028 Rogemm
1376 1961 1485 2026 regem

433 2041 556 2108 Siciliae
588 2048 764 2129 cognatum
795 2064 893 2108 suum
927 2043 1075 2120 divertit
1099 2048 1132 2108 et
1166 2063 1241 2109 cum
1274 2064 1312 2108 eo
1335 2043 1485 2128 plurimis

434 2145 549 2210 diebus
572 2151 791 2211 commoratus
814 2150 872 2210 est.
917 2142 1106 2210 Afflictione
1130 2148 1242 2210 autem
1265 2145 1412 2230 ejusdem
1434 2141 1485 2207 W.

435 2248 571 2332 quidam
605 2248 727 2313 milites
761 2246 999 2333 consanguinei
1037 2246 1108 2330 ejus
1146 2247 1297 2332 permoti,
1320 2246 1485 2332 quandam

434 2350 670 2436 possessionem
708 2347 943 2415 monachorum
982 2347 1023 2412 de
1061 2347 1233 2426 Fontibus,
1271 2369 1347 2414 cum
1385 2347 1486 2433 copiis

434 2470 534 2535 opum
581 2471 655 2535 quae
696 2449 744 2513 ibi
790 2453 954 2535 congestae
992 2447 1222 2528 servabantur,
1260 2447 1486 2514 incenderunt.

435 2549 537 2616 Facta
571 2555 622 2614 est
653 2571 751 2635 super
781 2549 843 2614 hoc
877 2548 1011 2634 quercla
1040 2569 1150 2614 coram
1176 2549 1365 2635 Apostolico
1399 2549 1487 2635 quod

435 2652 615 2737 plurimum
649 2652 757 2716 voluit
788 2671 882 2737 posse
916 2671 1034 2716 manus
1057 2651 1093 2715 in
1115 2650 1257 2717 eundem
1280 2651 1331 2716 W.
1354 2653 1488 2738 injicere

435 2760 470 2818 et
510 2753 630 2820 ulcisci.
679 2755 775 2818 Anno
807 2759 919 2818 autem
961 2751 1117 2818 M⁰cxlvii⁰
1150 2752 1238 2818 idem
1278 2753 1487 2840 Apostolicus

435 2855 604 2941 Eugenius
626 2856 663 2919 in
679 2853 796 2920 Galliis
820 2853 957 2920 concilio
971 2853 1117 2940 generali
1140 2854 1319 2941 praesidens
1335 2854 1385 2921 W.
1402 2855 1486 2920 Ebo-
1536 2943 1538 2946 Ι

434 2977 602 3023 racenscm
625 2956 767 3022 electum
790 2955 833 3021 ab
848 2955 1148 3042 archiepiscopatus
1163 2955 1361 3023 Eboracensi
1384 2956 1489 3024 officio

435 3064 471 3124 et
500 3057 659 3124 beneficio
690 3057 911 3124 amovendum
941 3059 1078 3124 censuit.
1134 3057 1200 3138 Qui
1230 3060 1332 3124 etiam
1363 3059 1489 3126 directa

437 3159 577 3244 epistola
602 3159 645 3224 ad
660 3157 711 3223 W.
727 3159 916 3244 episcopum
937 3158 1194 3224 Dunelmensem
1219 3160 1280 3246 (et)
1302 3161 1344 3226 ad
1360 3161 1488 3246 capitu-

299 3277 304 3290 ·
343 3343 349 3354 .
380 3304 391 3314 -
437 3260 506 3325 lum
522 3260 724 3326 Eboracense
739 3260 828 3326 infra
849 3261 920 3326 dies
943 3261 1165 3348 quadraginta
1183 3269 1326 3349 acceptae
1341 3264 1489 3350 epistolae

287 3361 319 3460 ¹¹ss
334 3359 369 3458 g}
401 3445 407 3458 υ
436 3363 507 3430 loco
529 3363 600 3449 ejus
623 3361 732 3426 virum
755 3361 932 3440 literatum,
957 3362 1144 3442 discretum,
1159 3363 1348 3450 religiosum
1370 3364 1490 3452 eligere

438 3465 591 3532 decrevit.
638 3463 841 3530 Willelmum
866 3465 979 3550 itaque
1002 3465 1043 3531 de
1067 3465 1181 3532 Sicilia
1207 3487 1376 3532 reversum
1398 3467 1491 3533 Hen-

437 3569 524 3635 ricus
555 3568 725 3654 episcopus
757 3565 997 3632 Wintcniensis
1028 3568 1071 3634 ad
1103 3589 1138 3634 se
1172 3567 1261 3648 tulit,
1294 3569 1389 3655 eique
1422 3591 1490 3636 non

437 3669 504 3734 nisi
553 3669 648 3755 quasi
694 3669 938 3755 archiepiscopo
986 3668 1219 3736 officiosissime
1259 3671 1491 3758 quotidianum

438 3771 659 3837 ministerium
674 3772 881 3858 praerogavit.
928 3769 995 3852 Qui
1014 3771 1051 3836 in
1073 3777 1145 3839 toto
1168 3777 1314 3860 tempore
1337 3773 1490 3840 humilia-

439 3874 541 3938 tionis
571 3894 640 3938 suee
671 3893 739 3938 non
769 3873 911 3958 protulit
943 3893 1101 3952 murmur,
1139 3895 1207 3939 non
1244 3875 1493 3960 querimoniam,

439 3976 496 4042 sed
519 3974 615 4043 corde
638 3975 740 4041 tacito
763 3995 856 4040 mens
890 3973 953 4039 sibi
981 3975 1110 4042 conscia
1132 3977 1343 4043 conservavit
1364 3979 1490 4064 patien-

438 4077 529 4143 tiam.
575 4076 745 4142 Adversus
778 4075 913 4142 aemulos
935 4095 1003 4141 non
1034 4082 1086 4142 est
1118 4077 1299 4158 oblocutus,
1326 4081 1427 4146 immo
1450 4081 1493 4146 ab

439 4178 693 4265 obloquentibus
724 4178 872 4243 animum
903 4182 939 4243 et
975 4178 1128 4244 auditum
1167 4179 1313 4246 divertit.
1370 4181 1493 4247 Nullus

441 4301 483 4345 ex
515 4279 610 4345 sociis
643 4279 711 4343 suis
743 4279 826 4344 adeo
848 4277 1002 4364 frequens
1029 4285 1064 4345 et
1085 4281 1262 4346 continuus
1284 4283 1407 4349 assedit
1430 4285 1494 4351 lec—

441 4380 547 4458 tioni;
569 4379 694 4443 institit
717 4383 751 4444 et
774 4378 925 4457 orationi,
940 4383 1032 4444 totus
1055 4379 1143 4444 enim
1166 4381 1362 4448 immutatus
1385 4385 1494 4450 estin

442 4481 552 4543 virum
583 4479 733 4544 alterum.
779 4480 888 4566 Igitur
919 4481 1099 4548 secundum
1121 4483 1304 4569 Apostolici
1327 4485 1494 4552 decretum

442 4581 479 4645 in
502 4580 660 4646 suburbio
683 4581 724 4646 de
744 4580 963 4659 Richemund,
978 4583 1067 4669 apud
1083 4583 1252 4650 ecclesiam
1268 4584 1384 4654 Sancti
1407 4587 1495 4653 Mar·

442 4682 515 4761 tini,
553 4682 589 4746 in
627 4681 743 4770 vigilia
780 4681 896 4752 Sancti
934 4682 1050 4753 Jacobi
1087 4693 1315 4754 convenerunt
1357 4689 1495 4775 majores
