3454 5816
499 905 542 954 or
572 904 642 954 uns
665 904 810 953 cnuncrr
833 905 877 952 or
900 905 1004 953 roan.
1223 889 1289 956 467

235 1091 457 1158 ministerium
480 1090 651 1158 doctorum
666 1091 906 1173 venerabilium
922 1091 1050 1179 Fagani
1072 1097 1107 1157 et
1122 1092 1286 1158 Damiani.

234 1193 364 1261 Deinde
395 1193 554 1280 praefatus
586 1215 653 1274 ren,
677 1191 848 1259 eliminata
871 1215 950 1258 mox
972 1193 1135 1272 idolatria,
1158 1195 1285 1260 cultum

197 1337 200 1344 ·
232 1319 320 1362 verae
354 1297 523 1384 religionis
557 1295 593 1360 in
624 1317 724 1384 regno
756 1317 815 1361 suo
838 1295 999 1362 dilatare¹
1023 1297 1160 1374 curavit,
1196 1297 1283 1362 unde
1297 1297 1436 1375 'rhemen-

232 1400 362 1485 praefeti
397 1399 546 1466 doctores
576 1420 618 1463 ex
651 1403 816 1485 praecepto
839 1399 919 1464 dicti
943 1399 1068 1464 domini
1098 1421 1193 1485 papae
1223 1423 1283 1486 pro
1296 1365 1433 1482 affl&

231 1506 420 1572 fluminibus
443 1507 618 1593 episcopos,
641 1527 699 1591 pro
721 1503 1002 1572 archiflaminibus
1025 1506 1283 1594 archiepiscopos
1295 1497 1403 1616 mm·

233 1609 433 1675 ordinabant
471 1609 506 1672 in
545 1608 679 1672 sedibus
708 1607 972 1673 archiflaminum
1010 1609 1282 1695 supradictorum,
1369 1601 1375 1614 ’

233 1712 386 1778 videlicet
414 1712 562 1788 Eboraci,
587 1710 742 1789 London',
766 1717 801 1776 et
823 1712 859 1774 in
882 1711 973 1777 Urbe
998 1713 1187 1798 Legionum.

276 1814 446 1880 Evacuata
480 1813 715 1899 superstitione
757 1813 908 1898 pristina,
940 1817 980 1878 ut
1011 1814 1196 1898 prrefertur‚
1228 1815 1281 1878 his

232 1915 338 1981 tribus
361 1914 620 2002 archiepiscopio,
643 1915 691 1979 sic
721 1913 854 1980 noviter
877 1915 1047 1994 ordinatis,
1070 1915 1188 1980 xxviii.
1213 1916 1280 2001 epi-

231 2018 318 2103 scopi
336 2017 525 2082 subduntur
540 2037 614 2082 eum
631 2015 771 2081 diversis
787 2015 959 2102 parochiis.
998 2016 1177 2104 Subjacent
1192 2017 1281 2082 enim

231 2120 485 2206 metropolitano
509 2118 705 2184 Eboraoensi
730 2116 832 2182 Deire
854 2123 889 2183 et
912 2118 1063 2196 Albania,
1088 2141 1169 2204 quas
1192 2139 1281 2205 mag·
1295 2120 1416 2174 Albanis.

231 2243 311 2286 num
334 2221 457 2286 flumen
481 2219 655 2286 Humbriae
678 2241 699 2284 a
722 2220 860 2306 Loegria
882 2221 1023 2285 secernit
1035 2245 1042 2298 ;
1074 2221 1282 2288 Londonensi

232 2345 310 2389 vero
333 2325 585 2410 metropolitano
608 2323 771 2388 submissa
805 2328 856 2387 est
878 2323 1017 2408 Loegria
1048 2329 1083 2388 et
1106 2324 1282 2404 Cornubia.

233 2427 304 2492 Has
328 2427 409 2491 duas
443 2426 628 2512 provincias
652 2425 798 2511 sejungit
832 2423 973 2490 Sabrina
1005 2425 1216 2490 eComubia
1249 2433 1283 2492 et

233 2528 362 2604 Wallia,
386 2550 460 2612 quae
493 2526 749 2612 metropolitano
773 2527 863 2591 urhis
888 2527 1070 2613 Legionum
1102 2529 1282 2614 subjacent.

234 2627 445 2694 Confirmatis
470 2629 518 2693 ita
541 2627 735 2692 Britonibus
759 2628 795 2690 in
817 2627 882 2690 fide
905 2627 1084 2704 Catholica
1113 2630 1200 2694 viam
1227 2652 1283 2694 ve-

233 2731 345 2794 ritatis
380 2752 479 2816 quam
512 2735 706 2816 acceperant
737 2751 907 2814 nunquam
930 2731 1153 2810 deseruerunt,
1184 2732 1285 2818 juxta

234 2853 364 2898 versus:
379 2831 392 2872 ²

366 2981 458 3050 Quem
481 2985 668 3052 susceperunt
690 2980 801 3034 cultum
824 2998 883 3034 non
906 2981 1103 3050 deseruerunt,

456 3069 518 3125 Noc
541 3087 716 3125 successores
739 3069 874 3125 catholici
898 3069 1040 3126 Britones.

279 3217 328 3282 De
371 3221 514 3301 quatuor
555 3215 806 3302 archiepiscopis
838 3215 1097 3284 Eborncensihus
1140 3225 1287 3308 tempore

233 3317 409 3383 Britonum
443 3339 558 3382 revera
591 3316 760 3382 sciendum
798 3323 851 3382 est
891 3319 980 3403 quod
1018 3321 1074 3384 isti
1113 3329 1287 3408 sequentes

233 3418 390 3486 fuerunc³
412 3420 647 3506 archiepiscopi
662 3419 748 3484 sedis
768 3420 958 3505 metropolis
974 3421 1187 3490 Eboracensis
1203 3431 1286 3491 tem-
1351 3433 1356 3444 '

233 3545 312 3608 pore
355 3543 421 3608 quo
454 3521 650 3608 perduravit
681 3521 772 3586 dicta
804 3519 1039 3588 Christianitas
1073 3546 1132 3610 per
1165 3548 1285 3612 papam

235 3625 472 3702 Eleutherium,
490 3630 528 3688 ut
550 3624 735 3710 praefertur,
751 3624 785 3688 id
809 3629 978 3710 estusque
1002 3626 1045 3692 ad
1059 3629 1286 3713 expulsionem
1319 3654 1322 3662 ’

234 3748 346 3791 eorum
368 3747 427 3813 per
449 3726 574 3812 Anglos
597 3731 632 3790 et
655 3725 810 3802 Saxones,
835 3731 874 3789 ut
896 3746 1012 3810 parum
1035 3728 1172 3794 inferius
1195 3737 1287 3816 pate·

234 3829 299 3894 fiet.
345 3827 474 3891 Primus
509 3828 545 3891 in
567 3849 607 3892 ea
640 3827 715 3892 sede
749 3827 815 3891 suit
847 3827 1109 3916 archiepiscopus
1132 3832 1285 3920 Fuganus
1296 3854 1419 3906 merom

234 3929 411 4016 praedictus
444 3930 479 3992 in
511 3933 658 4014 tempore
691 3927 783 3993 Lucii
821 3929 913 4014 regis.
960 3929 1131 3996 Secundus
1162 3933 1284 4000 ibidem
1297 3921 1396 4038 Bfiffil'

235 4031 496 4117 archiepiscopus
530 4031 596 4095 fua
628 4030 766 4095 Samson
800 4031 836 4094 a
865 4034 1011 4116 empore
1049 4034 1177 4099 surus
1205 4003 1409 4118 Ara-libbi

235 4133 358 4198 brosii⁴
379 4133 473 4219 regis.
513 4131 644 4196 Tertius
659 4131 920 4218 archiepiscopus
937 4132 1094 4212 Piramus,
1110 4136 1192 4202 olias
1215 4137 1285 4202 Pri·
1297 4119 1329 4170 of
1336 4119 1416 4171 Μ·

236 4235 355 4313 amus,⁵
378 4236 413 4299 in
436 4239 583 4320 tempore
607 4233 748 4298 Arthuri
771 4233 865 4320 regis.
914 4235 1059 4314 Quartus
1083 4243 1116 4302 et
1147 4237 1286 4305 ultimus

236 4338 358 4402 ibidem
381 4335 642 4422 archiepiscopus
674 4335 743 4400 fuit
764 4335 962 4400 venerabilis
984 4337 1153 4418 Tadiaous,
1183 4340 1284 4427 pluri-

236 4439 298 4504 bus
321 4439 444 4504 ibidem
467 4437 599 4524 regibus
631 4437 916 4524 subregnantibus.
965 4438 1087 4506 Omnes
1114 4442 1170 4507 isti
1202 4465 1286 4529 prae·

269 4689 278 4722 ¹
296 4687 421 4755 dilatare]
440 4687 568 4750 directam,
581 4691 614 4738 A.
819 4689 830 4721 ³
840 4687 964 4755 suerunt]
984 4689 1085 4754 fluerint,
1096 4693 1131 4745 Δ.

269 4769 280 4802 ²
290 4770 369 4834 juxa
381 4767 480 4833 omme]
501 4776 529 4818 ut
557 4767 583 4818 in
611 4765 737 4828 versibus,
821 4769 831 4802 ⁴
850 4768 991 4836 Ambrosii]
1012 4785 1062 4822 orn.
1073 4771 1109 4822 A.

237 4847 270 4896 A.
819 4847 829 4879 ⁵
847 4847 915 4897 alias
927 4847 1059 4914 Priamus]
1080 4865 1128 4902 om.
1141 4853 1177 4905 A.

1049 4949 1153 5012 sul
