3582 5798
706 927 866 976 serrone
889 929 1027 978 sanare.
1349 917 1392 985 67

333 1112 518 1179 arbitrium.
567 1114 596 1179 0
628 1120 721 1182 arcta
743 1119 800 1182 via
826 1137 892 1202 qua
922 1117 1128 1182 incedentem
1160 1123 1291 1203 oportet
1321 1137 1389 1182 non

332 1213 418 1279 velle
450 1217 538 1300 quod
572 1217 673 1282 velit!
720 1217 764 1283 Et
795 1240 911 1284 revera
944 1219 1030 1283 nihil
1060 1219 1123 1284 sibi
1154 1220 1295 1284 retinuit
1329 1220 1387 1304 qui

332 1319 477 1404 seipsum
500 1319 621 1406 abjecit
644 1327 719 1407 post
741 1323 860 1386 omnia

334 1491 336 1496 λ
377 1417 499 1485 Factus
548 1422 661 1507 itaque
711 1422 890 1487 monachus
940 1423 1096 1509 vigilavit
1137 1424 1173 1488 in
1217 1425 1382 1492 mandatis
1397 1452 1493 1506 Hebe-

163 1528 319 1583 s.Lue.i.e.
332 1519 477 1588 Domini
515 1523 589 1588 siae
628 1525 771 1610 quercla,
807 1526 953 1590 retinens
1002 1526 1101 1590 avido
1139 1532 1270 1612 pectore
1309 1534 1508 1637 quae⁰⁰¹¹¹g⁸

331 1623 463 1688 audiret
485 1645 505 1688 a
527 1627 711 1692 senioribus
743 1628 871 1692 monita
904 1627 1029 1692 salutis.
1078 1627 1253 1693 Crescebat
1275 1601 1482 1708 aetatamon‘

162 1732 200 1782 Id·
213 1732 237 1784 ii.
250 1738 290 1782 ⁵2·
331 1727 497 1792 crescebat
519 1729 692 1814 supientia
714 1737 744 1794 et
772 1730 889 1815 pratia
919 1730 1017 1815 opaci
1039 1729 1151 1794 Deam
1173 1737 1203 1794 ct
1225 1729 1383 1811 tonstrua,

331 1825 491 1893 sollicitus
514 1831 695 1916 anticipare
719 1831 859 1918 vigilias,
875 1831 1028 1896 meditari
1044 1833 1079 1895 in
1103 1832 1181 1917 lege,
1198 1832 1287 1898 refici
1309 1855 1384 1919 par·

330 1929 409 2007 cius,
432 1952 525 1996 orare
548 1931 760 2017 frequentius.

161 2043 278 2102 Esdmer,
375 2043 535 2115 Acceperat
564 2045 600 2099 ab
630 2045 732 2102 abbate
758 2059 818 2101 suo
841 2051 983 2101 secretum
1007 2046 1038 2099 in
1061 2045 1182 2100 ecclesia
1205 2047 1301 2100 locum
1324 2038 1382 2102 ubi

159 2114 262 2242 gam·
275 2193 299 2242 ii.
330 2137 484 2202 insistens
508 2138 779 2203 meditationibus
794 2145 829 2204 et
844 2138 1127 2204 obsecrationibus
1143 2138 1197 2202 clio
1220 2159 1260 2203 oo
1282 2146 1382 2216 nocte,

160 2260 200 2308 37,
330 2236 406 2290 hosti
437 2237 558 2292 humani
590 2239 703 2307 generis
735 2239 866 2294 fomitem
904 2238 1004 2292 livoris
1041 2243 1071 2292 et
1108 2237 1168 2292 odii
1200 2239 1381 2308 suggerebat.

329 2315 524 2382 Admiratus
558 2318 647 2382 enim
671 2319 781 2382 vimm
804 2319 862 2404 qui
893 2339 926 2382 se
961 2319 1077 2382 vivum
1111 2317 1172 2382 teli
1204 2317 1382 2384 damnave-

327 2423 381 2483 rat
414 2419 591 2504 sepultura‚
615 2421 766 2506 insurgit,
798 2421 917 2507 pulsat,
950 2430 1064 2501 fatigat,
1089 2429 1239 2500 fatigando
1270 2428 1383 2486 extur-

329 2520 406 2585 bare
430 2531 492 2585 loco
517 2530 636 2586 laborat.

374 2621 523 2702 Quadam
548 2624 637 2688 euim
670 2631 765 2690 nocte
800 2647 874 2690 cum
908 2647 942 2690 se
975 2623 1195 2708 lacrymarum
1220 2625 1381 2690 imbribus
1394 2646 1544 2711 Intempred

328 2730 487 2788 mactaret
517 2747 625 2790 coram
650 2725 802 2804 Domino,
825 2726 924 2791 affuit
956 2725 1085 2790 Sathan
1119 2723 1288 2811 improbus
1318 2728 1381 2792 im·
1393 2713 1538 2830 dirllewho

327 2833 500 2912 pugnator,
523 2833 558 2892 et
588 2849 683 2892 voees
714 2829 881 2892 van'arum
905 2829 1086 2892 bestiarum
1124 2829 1262 2913 ingessit
1284 2827 1379 2893 terri-
1392 2815 1512 2924 ιιὶεείοΙ

326 2928 446 3004 bilitcr,
477 2929 626 2994 insonuit
656 2929 872 3007 turbulenter,
912 2937 951 2994 ut
980 2930 1033 2994 his
1064 2931 1199 2994 territus
1234 2932 1287 2994 vir
1317 2929 1381 2997 Dei
1394 2912 1551 2977 temfyhrm.

327 3037 399 3095 tum
430 3033 547 3117 coeptis
570 3042 729 3108 desisteret,
753 3038 824 3097 turn
858 3033 1020 3097 similibus
1052 3031 1142 3096 horis
1165 3053 1276 3097 vocem
1310 3054 1380 3098 ora-

213 3131 219 3144 '
327 3133 427 3197 tionis
465 3154 531 3198 non
570 3149 775 3215 erumperem
813 3135 869 3199 sed
909 3135 942 3196 in
982 3133 1134 3197 omnibus
1168 3133 1220 3197 his
1258 3135 1381 3198 mansit

326 3237 574 3322 impertenitus,
609 3237 841 3323 perseverabat
872 3257 1001 3322 quoque
1036 3257 1132 3299 orans
1165 3241 1234 3301 tam
1268 3241 1379 3302 mente

324 3339 453 3424 integra
476 3361 574 3424 quam
598 3340 743 3404 oratione
767 3339 902 3402 minime
925 3339 1117 3422 interrupta.
1165 3346 1246 3414 Quod
1262 3345 1377 3403 daemon

324 3436 476 3492 advertens
498 3438 651 3510 disparuit,
675 3439 724 3493 sed
747 3457 763 3492 e
785 3438 910 3507 vestigio
939 3437 1162 3506 transfiguratus
1185 3438 1216 3490 in
1239 3436 1376 3507 angelum
1390 3450 1470 3502 sm„

325 3527 407 3591 lucis,
432 3527 495 3581 viro
518 3529 662 3599 apparuit,
687 3519 846 3582 mentitus
877 3517 939 3582 sub
970 3517 1041 3582 luce
1072 3517 1179 3594 fidem,
1202 3539 1375 3602 personam
1389 3533 1497 3583 appears

325 3621 386 3684 sub
416 3620 543 3685 habitu.
590 3622 819 3686 Odiscrinren
851 3621 948 3685 belli!
976 3642 1075 3706 quarn
1107 3620 1283 3705 perplexus
1314 3620 1374 3686 Lc—
1388 3585 1546 3717 ἓξᾚὲἓι

324 3721 448 3798 viatan,
472 3744 571 3807 quam
603 3723 744 3788 latentes
775 3723 915 3798 insidiae,
938 3744 1038 3808 quam
1061 3743 1179 3807 anceps
1202 3724 1375 3808 aggressio,
1388 3717 1417 3767 ⁰f
1427 3718 1499 3785 light.

325 3843 423 3906 quam
446 3823 605 3888 subdolus
634 3824 758 3888 hostis!
804 3824 922 3890 Civem
953 3823 1151 3888 Sanctorum
1183 3823 1245 3886 sub
1268 3824 1375 3908 speeie

324 3923 405 3987 civis
428 3925 628 4009 aggreditur,
652 3925 832 4010 praetendit
861 3925 968 3990 lucem
993 3931 1107 3990 auctor
1130 3925 1200 4009 ipse
1223 3924 1375 3990 tenebra·

324 4045 406 4101 rum,
430 4025 604 4110 pollicetur
634 4027 817 4112 praemium,
840 4027 986 4090 mendax
1009 4027 1052 4090 ab
1075 4025 1181 4089 initio.
1229 4024 1377 4091 Putabat

324 4127 432 4190 virum
456 4127 627 4212 indulgere
646 4129 816 4192 securitati
833 4135 867 4192 et
882 4127 1087 4206 insolentiae3
1111 4133 1185 4212 post
1201 4127 1375 4192 victoriam

323 4228 461 4312 primam
484 4229 627 4314 putabat
645 4251 800 4316 occupare
825 4230 1017 4308 incautum
1039 4229 1181 4314 putabat
1203 4234 1374 4294 concutere

323 4328 494 4394 blanditiis
518 4351 615 4416 quem
639 4333 818 4396 terroribus
841 4352 909 4394 non
932 4329 1072 4415 dejecit:
1102 4330 1160 4395 sed
1183 4330 1278 4395 miles
1300 4352 1375 4396 nos-

323 4436 374 4496 ter
396 4433 484 4516 quod
506 4433 687 4518 apparebat
719 4435 842 4498 bonum
873 4435 909 4496 in
933 4433 1020 4498 malo
1043 4433 1201 4498 discrevit
1222 4434 1265 4498 ab
1288 4434 1374 4498 invi-

155 4547 221 4599 Gen.
233 4550 251 4601 i.
264 4553 288 4610 s.
322 4555 400 4610 cem,
431 4534 680 4622 oppolboitqac
712 4537 821 4601 lacem
850 4535 949 4612 diem,
984 4541 1013 4599 ot
1043 4534 1192 4601 tenebras
1223 4541 1348 4600 noctem
1360 4560 1374 4616 ,·

323 4641 357 4700 et
390 4637 426 4698 in
467 4635 598 4722 Spiritu
630 4637 693 4702 Dei
726 4637 875 4703 detectus
907 4643 958 4702 est
991 4637 1127 4722 spiritus
1161 4657 1303 4722 nequam
1338 4638 1374 4700 in

323 4735 449 4826 laqueis
477 4739 553 4805 suis.
600 4740 763 4829 Opposuit
795 4739 883 4806 enim
915 4738 1055 4824 signum,
1078 4737 1286 4802 salutiferum
1308 4738 1374 4822 sig-

1171 4853 1236 4915 1³2
