3582 5798
399 893 440 957 tt
725 902 807 950 vrrs
830 901 953 952 snrcrr
976 901 1130 950 esurum

398 1110 511 1174 prnvae
543 1086 788 1152 consuetudinis
823 1088 978 1152 revocari.
1027 1088 1184 1176 Magnum
1217 1089 1305 1153 enim
1344 1089 1379 1153 in
1417 1111 1451 1156 se

400 1191 601 1258 consuetudo
625 1191 794 1256 vinculum
817 1189 925 1254 habet

231 1318 335 1370 oswald
447 1293 528 1358 Haec
550 1293 730 1357 meditatus
753 1297 804 1356 est
825 1313 900 1374 cum
916 1293 1012 1356 corde
1035 1314 1103 1369 suo,
1119 1293 1295 1358 salubriter
1310 1293 1452 1379 quidem,

230 1385 362 1501 lf‘s'ffifr
402 1398 524 1463 etenim
540 1417 642 1461 annos
665 1401 805 1460 aeternos
828 1396 863 1458 in
887 1400 997 1460 mente
1019 1395 1146 1472 habuit,
1169 1401 1297 1461 erectus
1319 1397 1356 1460 in
1378 1417 1452 1462 con·

230 1517 285 1567 life.
402 1505 567 1586 temptum
599 1497 745 1584 pulveris
778 1501 883 1574 terres,
912 1497 1071 1562 anhelans
1102 1500 1304 1564 {eternitates
1339 1521 1451 1584 perpe-

403 1609 486 1668 tuas.
532 1601 655 1665 Verum
679 1601 757 1686 quia
779 1621 847 1664 rem
882 1604 950 1664 tam
981 1601 1120 1666 arduam
1153 1601 1287 1688 aggredi
1319 1624 1360 1665 ex
1394 1603 1452 1666 ab·

402 1710 509 1790 rupto,
532 1707 730 1786 attemptare
746 1702 816 1766 sine
832 1701 976 1777 consilio,
992 1701 1139 1766 levitatis
1154 1708 1268 1766 notam
1284 1702 1452 1780 redoleret,

402 1807 487 1873 adiit
510 1811 664 1891 patruum
687 1824 784 1868 suum
808 1803 966 1880 Odonem,
992 1804 1063 1888 ejus
1086 1825 1184 1890 super
1206 1803 1258 1868 his
1289 1805 1452 1869 conscien-

233 1911 392 1987 nennium
405 1911 486 1974 tiam
521 1907 719 1993 pulsaturus,
758 1927 876 1970 usurus
914 1905 1056 1970 consilio.
1103 1905 1217 1970 Refert
1248 1908 1451 1992 propositum

232 1978 301 2094 13Ξέ
301 1977 358 2026 ⁰⁰¹⁸
405 2018 591 2077 etecusam
614 2009 786 2085 adventus,
809 2008 889 2094 quid
913 2010 1004 2072 intus
1034 2015 1226 2096 conceperat
1249 2011 1289 2074 de
1324 2010 1452 2096 Spiritu

405 2114 534 2188 Sancte,
558 2111 645 2197 quod
668 2121 778 2174 nudum
794 2111 949 2175 videlicet
972 2121 1120 2176 Christum
1151 2113 1260 2176 nudus
1283 2123 1363 2192 sequi
1387 2113 1452 2176 dis·
1465 2125 1581 2184 naemu,

403 2219 566 2303 posuerat,
600 2212 816 2298 habitumque
851 2213 961 2277 subire
991 2213 1166 2298 religionis.
1198 2214 1375 2278 ·Antistes
1410 2215 1452 2279 ad
1466 2208 1490 2256 ¹³·
1504 2197 1526 2242 ⁷·

403 2319 474 2383 haec
495 2316 697 2402 lacrymatur
719 2336 788 2400 prae
810 2315 941 2401 gaudio,
975 2315 1093 2400 probat
1122 2316 1336 2401 propositum,
1384 2337 1453 2381 am-

402 2420 559 2506 plectitur
582 2417 667 2482 hanc
689 2417 884 2492 nuditatem,
907 2417 1012 2481 sciens
1036 2417 1192 2500 quoniam
1214 2417 1284 2482 haec
1307 2418 1343 2480 in
1358 2439 1452 2503 para-

402 2525 472 2589 diso
496 2523 538 2586 ad
570 2543 683 2586 vocem
718 2520 851 2584 Domini
882 2541 949 2585 non
982 2521 1202 2598 absconditur,
1234 2521 1451 2606 nequeenim

403 2625 635 2694 contumeliam
650 2623 752 2687 habet
767 2623 823 2686 sed
846 2622 992 2708 gloriam.
1032 2623 1159 2688 Suadet
1174 2625 1451 2709 perseverantiam

402 2728 557 2814 quoniam
581 2724 763 2810 argutiores
785 2724 958 2808 insurgent
987 2723 1126 2800 insidiae,
1150 2723 1254 2788 hostis
1277 2723 1451 2789 vehemen-

402 2833 475 2907 tior,
509 2829 668 2914 copiosior
706 2825 870 2901 stimulus,
908 2826 1124 2890 ferventiores
1162 2826 1332 2904 illecebrae,
1378 2849 1452 2892 caro

402 2932 585 3018 promptior
618 2930 781 3014 suspirare
820 2927 901 2992 ollas
932 2929 1080 2992 carnium
1112 2930 1147 2991 in
1183 2929 1324 3014 Egypto.
1370 2927 1452 2994 Haec

402 3039 631 3121 prretaxantur
660 3031 778 3117 juveni
800 3031 842 3095 ad
865 3030 1036 3106 cantelam,
1061 3031 1139 3114 quia
1173 3033 1282 3094 minus
1315 3031 1453 3096 offendit

404 3137 559 3223 quicquid
584 3137 759 3220 impugnat
781 3139 896 3218 pectus
912 3134 1155 3218 praemunitum.
1196 3143 1318 3197 Juvenis
1340 3139 1451 3198 autem

236 3259 305 3310 who
317 3261 391 3310 sends
403 3263 470 3304 non
494 3239 611 3303 surdus
646 3237 777 3300 auditor
809 3237 957 3321 agnoscit
980 3236 1141 3298 universa.
1189 3244 1319 3299 Mittitur
1343 3245 1450 3300 Floria·
1465 3240 1584 3301 eadmer,

234 3325 330 3442 ffi?
405 3371 471 3408 cum
495 3343 529 3404 in
552 3340 670 3404 habitu
694 3338 870 3402 monachili
894 3339 955 3401 sub
970 3338 1083 3422 regula
1106 3338 1318 3402 militaturus
1370 3338 1452 3403 Inde
1466 3313 1526 3371 ps.

314 3411 338 3458 l*
405 3445 493 3510 enim
516 3443 675 3528 paefatus
699 3441 771 3504 Ode
794 3440 962 3525 religionis
994 3439 1146 3503 habitum
1181 3447 1375 3525 susceperat,
1399 3441 1453 3505 vel

405 3548 519 3612 iccirco
542 3544 674 3627 utrique
697 3551 872 3622 complacuit
894 3551 957 3605 haee
988 3551 1090 3621 patriar
1123 3551 1292 3616 demutatio,
1317 3552 1453 3623 quoniam

406 3670 445 3714 ea
476 3651 671 3732 tempestate
706 3653 892 3707 barbarorum
925 3643 1164 3728 irruptionibus
1202 3665 1261 3730 per
1296 3645 1453 3730 Angliam

404 3749 572 3837 religionis
595 3747 704 3812 fervor
726 3773 809 3826 paene
833 3755 1017 3808 obsoleverat.
1064 3745 1202 3810 Vilescit
1218 3745 1317 3811 facies
1332 3747 1454 3812 blanda

403 3852 605 3926 divitiarum,
624 3848 815 3935 juventutis
849 3847 908 3910 flos
942 3847 1157 3922 conculcatur,
1182 3869 1249 3911 non
1280 3855 1454 3934 reputatur

403 3953 613 4041 generositas,
645 3971 712 4014 non
746 3948 970 4033 adquiescitur
1001 3949 1091 4013 carni
1124 3955 1158 4013 et
1195 3950 1357 4034 sanguini,
1396 3951 1451 4016 sed

404 4057 588 4121 Floriacum
612 4051 829 4137 proficiscitur
849 4050 984 4134 juvenis
1006 4055 1125 4128 noster,
1160 4051 1348 4117 desiderans
1382 4053 1452 4116 fieri

403 4159 532 4221 fructus
555 4155 658 4218 crucis
682 4151 816 4228 Christi,
838 4172 880 4215 ne
904 4152 940 4214 iu
962 4150 1011 4215 Εο
1034 4152 1138 4216 otiosa
1161 4157 1246 4216 esset
1268 4173 1341 4238 quae
1364 4151 1506 4238 111111Ρὶ
1519 4149 1600 4198 cxxix

404 4259 512 4324 Deum
536 4261 586 4320 est
608 4255 739 4339 copioso
764 4251 955 4336 redemptio.
1000 4253 1031 4316 A
1066 4252 1214 4318 Domino
1241 4252 1375 4338 suctrnn
1408 4261 1453 4319 est
1465 4222 1503 4346 {d
1515 4295 1594 4345 cxvii.

236 4367 374 4418 Wherehe
405 4359 509 4435 istud,
525 4363 559 4422 et
573 4356 638 4422 doec
652 4355 801 4420 centolio
817 4361 862 4418 est
879 4353 1017 4419 deutera
1040 4354 1179 4421 Eccelsi.
1225 4355 1306 4435 Quae
1319 4357 1452 4441 quidem
1466 4363 1568 4440 raam

235 4435 390 4552 mand
406 4461 517 4528 omnia
540 4459 602 4523 etsi
636 4456 727 4541 prius
772 4454 945 4520 Oswaldus
976 4455 1163 4539 reliquisset
1200 4456 1236 4519 in
1267 4459 1387 4535 animo,
1409 4459 1452 4524 ad
1463 4430 1544 4478 hm
1558 4434 1598 4478 ¹¹⁸

237 4565 393 4617 macelin.
406 4561 638 4650 perfectionem
661 4563 772 4622 tamen
796 4577 863 4620 non
886 4557 965 4621 satis
988 4557 1018 4620 ei
1042 4557 1216 4621 videbatur
1239 4560 1303 4620 nisi
1326 4565 1361 4623 et
1382 4563 1453 4624 ani-

406 4687 496 4730 mum
535 4663 643 4748 ipsum
681 4659 886 4746 reliquisset3
925 4659 1064 4742 ideoque
1102 4681 1196 4744 agere
1234 4659 1296 4724 sub
1333 4661 1453 4727 abbate

404 4766 545 4844 volebat,
568 4769 608 4828 ut
629 4785 696 4830 non
718 4766 905 4828 servaretur
927 4761 991 4826 sibi
1022 4761 1076 4826 vel
1107 4763 1247 4852 propriae
1270 4762 1454 4828 veluntatis
