3454 5816
502 909 545 956 or
569 909 639 958 run
662 908 808 960 causon
832 911 875 958 or
900 911 1002 958 ross.
1057 875 1092 950 ἕ
1221 897 1285 961 483

275 1091 319 1156 Et
341 1093 387 1158 sic
409 1115 468 1180 per
488 1095 673 1162 Antonium
696 1102 824 1182 patrem
848 1097 1105 1162 Dunelmensem

274 1194 493 1263 Consecratur
514 1199 688 1284 praesulem
712 1200 747 1262 in
772 1199 1016 1266 Eboracensem.
1216 1203 1282 1268 460

275 1293 426 1384 Suscepti
450 1299 619 1386 regiminis
642 1303 678 1364 in
700 1323 789 1366 anno
811 1302 954 1367 secundo

273 1397 410 1466 Eboraci
433 1403 576 1487 ponitur,
600 1403 750 1468 sublatus
773 1404 814 1468 de
837 1404 968 1469 mundo.

272 1499 413 1567 Thomas
435 1505 658 1583 cancellarius,
682 1505 869 1595 Corbrigge‚
893 1507 946 1571 vir
968 1507 1101 1593 sophiae,
1155 1509 1212 1573 xli.
1293 1519 1406 1576 'rhomae

272 1601 337 1682 Qui
361 1605 474 1672 doctor
495 1608 645 1694 egregius
668 1615 719 1674 est
741 1608 925 1695 theologiae,
1227 1621 1230 1628 ⁴
1293 1587 1446 1659 ⁰⁰¹b‘ldff·

271 1703 403 1772 Electus
426 1710 468 1774 ad
491 1709 616 1795 apicem
641 1710 779 1777 Romam
803 1712 1039 1788 transfretavit,
1214 1717 1277 1780 465

272 1807 377 1888 Quem
401 1811 437 1874 in
460 1834 571 1878 mense
594 1813 708 1879 Martii
732 1836 819 1900 papa
841 1815 1051 1880 consecravit.

271 1909 315 1974 Et
337 1933 396 1998 per
418 1936 522 1980 annos
545 1921 688 2001 quatuor
710 1938 823 1982 curam
846 1918 897 1981 sui
921 1916 1029 2002 gregis

246 2013 336 2080 .Hic
360 2017 499 2101 perfecit
517 2017 645 2105 jugiter
667 2041 783 2084 norma
805 2020 868 2085 Dei
892 2021 982 2108 legis

269 2115 324 2180 Ad
347 2117 474 2184 Lanum
497 2121 534 2185 in
562 2121 699 2188 Domino
722 2123 842 2208 praesul
865 2123 1074 2200 obdormivit,

269 2218 311 2282 In
335 2219 518 2288 Southwell
541 2223 732 2290 humanitas
755 2245 873 2310 corpus
896 2226 1058 2312 sepelivit.
1210 2229 1275 2296 470

269 2321 361 2388 Tunc
383 2326 538 2391 successit
561 2329 651 2392 oneri
674 2327 860 2392 Willelmus
883 2328 1024 2406 honoris,
1139 2331 1207 2397 xlii.
1289 2343 1361 2394 Wm.
1376 2345 1410 2395 de

269 2423 369 2512 Regis
392 2428 605 2494 cancellarius
629 2427 786 2494 Edwardi
809 2431 947 2515 prioris;
1289 2410 1446 2462 Grconfiers.

269 2527 401 2594 Electus
424 2553 445 2595 a
467 2531 626 2596 fratribus
650 2538 701 2597 est
723 2538 758 2597 et
781 2533 1005 2612 confirmatus,

268 2632 299 2696 A
321 2653 450 2698 summo
472 2634 627 2720 pontifice
651 2635 806 2722 Lugduni
829 2641 997 2715 sacratus;

268 2733 347 2800 Post
369 2755 493 2800 annum
518 2735 728 2802 undecimum
751 2737 803 2801 sui
826 2737 1032 2824 praesulatus,
1209 2743 1272 2809 475

268 2837 405 2902 Eboraci
429 2839 569 2904 moritur
592 2839 716 2904 ibidem
738 2839 904 2904 humatus.

267 2938 360 3005 Tunc
382 2939 568 3006 Willcimus
590 2942 675 3007 alius
698 2943 805 3009 eidem
828 2943 984 3010 successit
1287 2965 1400 3018 william
1412 2970 1443 3020 de

265 3041 316 3106 De
341 3043 488 3122 Melton,¹
512 3066 571 3130 per
593 3043 734 3110 Cronica
756 3043 896 3130 scriptor
919 3050 958 3108 ut
981 3045 1152 3130 expressit,
1175 3047 1256 3113 xliii.
1286 3033 1393 3086 Menon.

265 3144 332 3211 Hic
354 3145 443 3211 chori
467 3147 641 3212 canonicus
664 3152 736 3212 erat
759 3147 906 3225 Eboraci,

264 3247 309 3312 Et
331 3249 419 3314 idem
442 3251 638 3336 praepositus
663 3250 783 3336 dignus
807 3249 987 3316 Beverlaci.
1206 3255 1272 3317 480

265 3347 327 3416 lile
350 3352 430 3416 'dum
453 3351 589 3438 eligitur
611 3353 697 3417 sedis
720 3354 756 3416 in
779 3357 944 3439 pastomm

262 3452 318 3516 Ad
340 3452 523 3520 Romanam
547 3455 671 3520 curiam
694 3456 723 3519 it
745 3454 955 3540 superiorem.

263 3554 346 3619 Fere
368 3561 444 3640 post
466 3557 638 3621 biennium
661 3557 704 3621 ad
730 3555 958 3622 Avinionem²

261 3659 293 3721 A
315 3656 468 3724 Johanne
489 3659 609 3744 recipit
631 3659 915 3724 consecrationem.

261 3757 425 3824 Reversus
448 3760 484 3824 in
506 3759 697 3825 cathedram
719 3766 833 3849 pastor
855 3758 1012 3834 elevatus,
1204 3765 1268 3827 485

210 3929 215 3940 ,
261 3860 341 3927 Post
362 3883 487 3927 annum
509 3863 728 3929 undecimum*
743 3864 796 3927 sui
818 3859 1023 3947 praesulatus,

261 3963 432 4031 Decanum
455 3964 598 4031 coclesiae
620 3965 728 4050 primo
749 3963 910 4040 visitavit,

261 4065 307 4131 Et
329 4068 400 4154 ejus
423 4067 615 4153 capitulum,
640 4073 678 4131 ut
700 4067 792 4152 prius
815 4065 953 4152 optavit,

265 4171 307 4236 Et
329 4176 404 4257 post
426 4171 651 4236 thesaurarius
674 4169 714 4233 fit
737 4169 893 4234 Edwardi
916 4169 1010 4255 regis,

261 4273 324 4338 Per
345 4295 495 4339 normam
514 4273 656 4357 justitias
680 4278 792 4338 servat
809 4272 888 4356 jura
909 4272 1026 4357 gregis,
1201 4275 1267 4338 490

260 4377 306 4441 Et
328 4377 418 4442 Petri
441 4375 584 4442 basilicae
607 4377 708 4440 finem
729 4374 912 4461 ampliavit,

258 4481 370 4566 Atque
393 4480 461 4545 suis
484 4479 672 4565 sumptibus
695 4477 794 4564 digne
817 4477 1065 4542 consummavit.

257 4582 337 4648 Post
359 4604 484 4648 annum
507 4581 675 4669 regiminis
698 4581 891 4646 vicesimum
913 4581 1104 4661 secundum,

258 4685 359 4772 Apud
382 4684 527 4752 Gawood
550 4685 643 4762 obiit,
666 4683 882 4770 relinquendo
905 4683 1074 4748 mundum.

218 4803 568 4903 -sIdEldnl—Grenclelda
580 4836 636 4887 MS.
732 4834 736 4902 Ι
796 4835 983 4901 enormiorem]
1004 4798 1262 4896 amotionem—ET-

1017 4945 1043 4994 Η
1059 4931 1130 4994 112
