3582 5798
429 893 493 955 110
561 907 709 956 nrsrour
734 907 777 955 on
801 907 894 955 noun
918 905 1155 954 sacnsrsnops
1179 907 1222 954 on
1245 907 1341 956 nonu

424 1093 599 1158 honestum
623 1115 700 1169 esse,
724 1099 758 1157 et
780 1113 847 1157 non
870 1093 1063 1158 canonicum
1086 1093 1148 1158 hac
1175 1093 1382 1158 districtione
1407 1115 1482 1180 pro-

426 1195 620 1260 sessionem1
645 1196 697 1259 vel
720 1196 922 1281 promittere,
941 1196 1073 1260 tandem
1098 1195 1212 1260 literas
1236 1195 1326 1259 illius
1347 1199 1483 1284 accepit,

425 1301 581 1386 pollicens
604 1323 638 1365 se
668 1323 836 1365 reversum
860 1301 1017 1386 quicquid
1043 1301 1135 1385 juste
1158 1301 1300 1366 debebat
1323 1303 1354 1366 ei
1377 1302 1483 1367 factu-

426 1425 507 1466 rum.
555 1403 600 1466 Et
622 1403 743 1467 scimus
768 1403 935 1487 quianon
959 1403 1121 1467 exhibuit.

258 1517 356 1566 Gerard
471 1505 525 1568 Ad
548 1504 782 1589 requirendum
814 1505 953 1590 pallium
986 1505 1125 1569 Romam
1156 1503 1331 1589 profectus
1354 1505 1482 1590 aliquot

257 1593 389 1699 {23³2}OE
427 1607 495 1669 dies
519 1607 565 1670 ibi
590 1612 736 1671 moratus
760 1612 817 1684 eat,
837 1606 896 1670 ubi
920 1607 954 1670 in
974 1607 1125 1692 pluribus
1149 1627 1322 1670 causarum
1342 1609 1480 1673 actioni-

255 1715 298 1766 the
310 1719 369 1779 pau,
426 1708 486 1772 bus
510 1709 647 1774 scicntia
678 1714 712 1772 ct
744 1708 901 1772 facundia
924 1709 994 1792 ejus
1029 1707 1166 1772 labdata
1189 1713 1224 1772 ct
1246 1709 1436 1794 approbata,
1460 1733 1481 1775 a

256 1785 304 1830 ³¹¹³
317 1800 378 1898 wit·
425 1811 604 1874 reverendo
628 1832 714 1895 papa
737 1809 886 1874 Paschali
910 1823 986 1876 cta
1017 1814 1090 1875 tota
1113 1811 1203 1874 curia
1226 1810 1405 1876 honoratus
1430 1818 1480 1876 est

256 1865 339 1898 Ot’lVCS

424 1921 458 1980 et
481 1916 653 2002 magnifice
677 1915 840 1980 laudatus.
888 1916 1051 1980 Abierant
1074 1938 1147 1980 cum
1172 1939 1210 1980 eo
1238 1917 1303 1981 duo
1327 1919 1478 2003 episcopi,
1573 1944 1575 1948 ·

424 2041 505 2104 quos
528 2041 586 2082 rex
611 2025 745 2104 propter
767 2019 937 2103 negotium
971 2041 1067 2082 suum
1091 2019 1235 2096 miserat,
1259 2041 1333 2083 cum
1357 2019 1478 2104 quibus

423 2127 457 2185 et
479 2122 549 2206 ipsc
572 2142 721 2186 reversus
745 2126 803 2184 est.
850 2120 987 2205 Accepit
1009 2120 1051 2184 ab
1083 2120 1274 2205 Apostolica
1297 2121 1372 2186 sede
1404 2123 1476 2208 pal-

422 2223 504 2286 lium
528 2228 562 2287 et
585 2219 825 2309 privilegiumi
848 2223 937 2307 quod
960 2221 1183 2307 subscriptum
1208 2228 1266 2307 est

398 2387 400 2394 .
467 2325 584 2391 Postea
622 2325 748 2411 placuit
786 2324 944 2389 Anselmo
982 2329 1016 2387 et
1050 2323 1191 2388 Girardo
1222 2324 1475 2412 archiepiscopis

255 2433 400 2484 necessat
422 2428 595 2492 concilium
612 2427 783 2492 celebrare.
821 2427 894 2506 Quo
910 2427 946 2490 in
962 2425 1255 2490 Westmonasterio
1272 2433 1476 2512 congregato,

252 2501 408 2616 {iizfi'qiggp
422 2553 495 2594 cum
520 2529 670 2594 monachi
694 2528 939 2614 archiepiscopo
962 2551 1021 2592 suo
1044 2529 1155 2593 sedem
1178 2530 1390 2614 singulariter
1412 2531 1475 2596 cel-

252 2632 365 2694 minster,
420 2656 488 2698 sam
524 2638 703 2718 parassent,
728 2633 890 2696 (iirardus
924 2633 1126 2716 indignatus,
1150 2637 1184 2696 et
1211 2631 1275 2695 Dei
1308 2631 1421 2696 odium
1445 2635 1475 2697 ei

252 2700 319 2748 Ab.
335 2706 475 2819 11⁰2'qui
499 2737 546 2800 sic
570 2740 743 2820 paraverat
773 2733 955 2819 vulgariter
977 2753 1084 2808 osane,
1107 2733 1188 2817 pede
1219 2733 1392 2810 subvertit,
1416 2755 1476 2800 nec

418 2839 529 2902 sedere
553 2835 669 2912 voluit,
693 2837 796 2900 donec
827 2835 889 2898 sibi
921 2857 995 2899 cum
1019 2835 1262 2920 archiepiscopo
1296 2836 1371 2900 sede
1404 2838 1475 2921 pari

419 2946 541 3024 parata,
565 2939 691 3024 liquido
713 2939 825 3002 volens
844 2937 1023 3012 ostendere,
1041 2937 1071 3000 ei
1094 2936 1219 3000 nullam
1237 2937 1473 3022 subjectionem

419 3043 544 3106 debere.

464 3143 559 3207 Sicut
596 3142 718 3205 fecerat
755 3139 960 3224 A[nselmus]
1004 3139 1268 3226 archiepiscopus
1307 3141 1472 3207 Willelmo

249 3236 394 3348 tohiipro-
418 3248 497 3331 regi,
531 3246 577 3308 sic
615 3245 693 3309 fecit
732 3249 766 3307 et
804 3243 874 3328 regi
915 3241 1068 3318 chricc,
1108 3242 1323 3307 investituras
1362 3244 1471 3328 prohi-

249 3355 388 3466 ἷξεῐρώοιιῑ
418 3348 533 3422 hendo,
557 3368 617 3409 nec
649 3365 836 3429 quenquam
872 3344 1060 3427 episcopum
1096 3342 1148 3407 vel
1183 3343 1336 3409 abbatem
1372 3368 1471 3410 manu

279 3434 387 3466 010Ῡοίὶ-

248 3485 324 3533 tinne
337 3485 396 3534 with
418 3449 509 3533 regia
524 3447 719 3510 investitum
743 3467 929 3510 consecrare
946 3443 999 3508 vel
1023 3445 1215 3510 benedicere
1231 3445 1366 3510 solebat.
1406 3448 1472 3513 Sed

248 3551 335 3614 fleury
348 3553 370 3600 1.
418 3552 495 3615 licet
525 3573 583 3627 rex
608 3549 807 3614 moderatius
831 3571 939 3635 agens,
964 3548 1075 3611 odium
1108 3555 1224 3633 patens
1247 3549 1283 3612 in
1306 3571 1381 3613 eum
1405 3572 1471 3615 non

248 3655 388 3732 vireques·
417 3655 572 3728 exercuit,
597 3674 662 3714 non
686 3672 761 3715 eum
784 3649 994 3736 postmodum
1019 3651 1142 3714 sincere
1159 3650 1285 3714 dilexit.
1333 3651 1471 3738 Propter

248 3728 346 3838 {iiiiii
417 3755 629 3819 interdictum
653 3761 687 3817 et
710 3753 888 3816 anathema
903 3753 1060 3816 Romame
1084 3751 1229 3816 ecclesiae
1252 3774 1310 3816 rcx
1334 3755 1470 3818 tandem

415 3857 631 3921 investituras
659 3854 794 3930 dimisit,
819 3854 1008 3916 dimissione
1038 3853 1171 3938 quidem
1203 3876 1269 3938 qua
1294 3855 1380 3918 nihil
1410 3862 1470 3922 aut
1554 3893 1558 3900 ·

415 3983 531 4044 parum
567 3959 685 4032 amisit,
714 3977 830 4040 parum
864 3956 997 4040 quidem
1037 3956 1135 4040 regiae
1171 3956 1353 4044 dignitatis
1383 3959 1468 4022 nihil

414 4085 546 4147 prorsus
585 4060 759 4146 potestatis
795 4079 893 4141 quem
927 4057 1028 4120 vellet
1066 4057 1298 4123 intronizandi.
1360 4059 1602 4151 Cf0d⁰1vocaa

414 4166 566 4248 equidem
590 4163 629 4225 de
653 4159 861 4224 investituris
884 4180 961 4222 sane
985 4159 1122 4223 sensisse
1146 4161 1366 4225 venerabilem
1390 4163 1466 4226 Ivo·
1478 4169 1603 4243 rotensis,

245 4276 362 4350 Tlueopiu
414 4289 488 4330 nem
514 4266 748 4329 Oarnotensem
782 4261 978 4346 episcopum,
1003 4283 1068 4346 quo
1101 4283 1162 4325 nec
1192 4261 1276 4326 alter
1302 4263 1337 4326 in
1362 4264 1467 4328 Gallis
1478 4235 1613 4366 {ffitgffd'

246 4345 400 4393 ⁰¹⁰¹¹⁰s¹v⁰
415 4374 561 4451 tempore
585 4387 644 4428 suo
667 4363 785 4428 melius
808 4364 844 4425 in
868 4362 1002 4425 Divinis
1026 4363 1175 4426 eruditus
1200 4369 1233 4426 et
1256 4366 1464 4444 exercitatus,
1479 4367 1594 4417 Jureta

244 4407 376 4524 hillidii
413 4491 473 4532 nec
496 4467 560 4531 fide
584 4472 618 4529 et
648 4465 797 4528 doctrina
821 4465 925 4549 magis
949 4463 1128 4528 catholicus
1156 4466 1279 4529 extitit.
1325 4467 1465 4534 Dicebat
1477 4433 1615 4560 poqqpqtp,

448 4713 659 4782 ¹proseminatus]
712 4711 912 4775 promissionem,
993 4711 1085 4762 9Τῐιίε
1097 4712 1225 4779 Privilegc
1243 4712 1264 4763 is
1274 4713 1376 4778 printed
1386 4715 1465 4766 after·

413 4799 470 4850 ΜΒ,
960 4792 1049 4842 warda.
