3538 5800
656 861 816 943 sumone
838 892 1012 941 meusne.
1329 877 1348 938 9

297 1103 411 1148 servus
426 1087 590 1147 secretum
612 1082 649 1144 in
672 1079 808 1146 ecelesia
830 1079 937 1144 locum
960 1077 1003 1142 ab
1026 1075 1146 1140 abbate
1168 1079 1347 1158 acceperat,

297 1183 333 1246 in
363 1205 428 1269 quo
460 1205 520 1268 pro
543 1183 641 1246 modo
672 1181 932 1248 conversationis
966 1200 1034 1243 suae
1057 1178 1128 1242 Deo
1151 1175 1349 1240 familiarius

296 1283 487 1349 adhaereret.
534 1283 609 1349 Illie
623 1284 727 1370 igitur
742 1282 893 1358 orationi,
909 1279 1128 1356 meditationi,
1149 1277 1348 1362 contempla·

297 1385 381 1449 tioni
412 1385 494 1450 vitae
524 1385 677 1470 perennis
702 1389 847 1448 remotus
877 1383 920 1446 ab
948 1381 1087 1446 aliorum
1118 1378 1348 1464 inquietudine

296 1507 429 1571 operam
445 1487 523 1550 dare
539 1485 666 1562 solitus,
680 1505 838 1569 magnum
855 1484 994 1547 humaui
1009 1481 1138 1568 generis
1153 1481 1241 1545 hosti
1253 1479 1347 1544 fomi-

297 1592 365 1652 tem
388 1588 502 1652 livoris
535 1575 569 1652 et
591 1587 659 1652 odii
682 1587 887 1672 suggerebat.
931 1585 994 1649 Ille
1018 1586 1140 1670 quippe
1164 1583 1347 1659 attendens,

298 1696 332 1755 et
353 1689 556 1755 attendendo
580 1689 772 1754 subvertere
802 1687 935 1750 inhians
959 1686 1108 1750 studium
1130 1683 1349 1749 strenuissimi

293 1791 436 1876 juvenis,
459 1791 639 1876 multiplici
663 1812 738 1854 eum
754 1789 903 1854 versutia
925 1788 1044 1873 pulsat,
1067 1786 1231 1872 pulsando
1252 1785 1348 1849 terri-

297 1897 357 1970 tat,
381 1893 533 1956 terrendo
555 1892 684 1978 fatigat,
716 1891 886 1976 fatigando
902 1889 1095 1974 proturbare
1118 1888 1188 1952 loeo
1211 1886 1347 1951 laborat.

297 1993 396 2058 Unde
420 1993 563 2078 quadam
586 1993 658 2058 viee
682 1992 761 2056 dum
784 2013 818 2056 se
853 1991 888 2054 in
911 1990 1059 2055 oratione
1082 2010 1141 2074 pro
1173 2009 1347 2073 eompune-
1362 1997 1403 2045 He
1414 1993 1435 2044 is
1444 1997 1510 2046 tried

297 2094 409 2160 tione¹
432 2095 539 2160 cordis
555 2095 626 2160 Deo
641 2099 743 2160 noctu
766 2099 936 2169 mactaret,
958 2093 1057 2156 affuit
1079 2092 1149 2176 ipse
1172 2091 1347 2176 malignus,
1359 2062 1467 2177 ffl‘l'„
1557 2074 1561 2082 ’

297 2203 330 2261 et
353 2219 461 2262 sonos.
480 2197 687 2263 horrorificos
719 2197 819 2261 edens
856 2195 1023 2259 hominem
1056 2193 1175 2258 terrori
1197 2193 1347 2257 addicere
1359 2193 1461 2244 various

296 2298 502 2376 moliebatur,
518 2319 593 2363 eum
618 2303 657 2362 ut
672 2303 781 2383 coepto
807 2297 989 2373 desisteret,
1004 2301 1076 2359 tum
1099 2300 1139 2358 ut
1161 2294 1235 2359 aliis
1257 2293 1347 2358 horis
1360 2260 1509 2392 pauperent

296 2399 403 2464 simile
435 2421 517 2486 opus
549 2405 609 2465 aut
642 2401 776 2486 segnius
808 2405 868 2464 aut
899 2398 1090 2463 nullatenus
1124 2401 1347 2482 attemptaret.

297 2500 345 2565 At
377 2500 560 2579 Oswaldus‚
591 2501 670 2566 fidei
713 2501 911 2566 Christianae
944 2504 1037 2565 scuto
1074 2503 1250 2584 protectus,
1282 2519 1349 2562 non

296 2603 401 2688 magis
432 2603 475 2667 ad
505 2602 675 2667 fremitum
707 2603 811 2668 leonis
843 2603 896 2666 vel
934 2601 978 2666 ad
1008 2601 1141 2666 sibilum
1180 2599 1348 2684 serpentis,
1362 2606 1500 2656 Buteono

297 2725 396 2788 quam
419 2704 462 2769 ad
495 2704 644 2768 balatum
677 2704 749 2769 ovis
779 2705 833 2769 vel
864 2704 1037 2768 stridorem
1070 2702 1182 2767 soricis
1215 2701 1349 2786 (harum
1362 2687 1483 2736 mmm·

297 2803 400 2870 enim2
422 2811 456 2870 et
478 2805 618 2870 aliarum
641 2807 672 2870 ei
696 2806 877 2870 bestiarum
900 2805 1069 2890 improbus
1091 2804 1147 2868 ille
1170 2825 1265 2868 voees
1298 2803 1349 2866 in·

296 2907 410 2992 gessit)
440 2907 619 2971 exterritus
642 2913 711 2986 est;
743 2913 863 2973 cuneta
884 2907 1040 2973 videlieet
1072 2906 1349 2992 nihilipendens,

296 3029 369 3073 eum
394 3029 454 3074 suo
476 3013 609 3074 auctore
632 3013 752 3074 cuneta
775 3008 936 3074 deridens.
975 3008 1071 3088 Quod
1087 3009 1216 3074 daemon
1231 3009 1348 3073 adver-

295 3115 370 3174 tens
402 3110 589 3196 disparuit3
612 3111 669 3174 sed
692 3111 728 3174 in
751 3111 906 3196 angelum
929 3111 1012 3176 lueis
1035 3133 1053 3176 e
1076 3111 1217 3197 vestigio
1240 3117 1346 3176 trans-

295 3213 464 3297 figuratus,
487 3213 560 3277 viro
592 3213 755 3298 apparuit.
802 3213 888 3277 Eum
911 3215 1033 3300 quippe
1063 3215 1134 3299 jam
1157 3221 1238 3279 tune
1260 3217 1495 3279 novaThedevil

295 3313 335 3378 de
357 3337 392 3378 se
415 3313 554 3379 victoria
588 3336 687 3379 usum
709 3315 898 3381 aestimabat
931 3317 1130 3404 sibimetipsi
1163 3339 1346 3396 suasurum,
1358 3285 1478 3415 23⁰er
1489 3349 1519 3400 of

294 3437 329 3480 se
352 3415 484 3492 scilieet
517 3436 585 3480 non
617 3416 742 3502 injuria
772 3416 815 3481 ab
849 3417 966 3504 angelo
1000 3419 1217 3498 visitandum,
1248 3441 1346 3505 quem
1359 3414 1432 3482 light.

295 3516 391 3582 finna
420 3516 546 3581 fretum
569 3517 758 3582 constantia
779 3519 902 3582 mentis
925 3519 1028 3584 nullia
1050 3521 1162 3606 potuit
1192 3520 1346 3586 inimicus

296 3721 383 3785 Nam
406 3720 449 3784 ad
471 3721 534 3787 hoe
556 3727 741 3788 monstrum
763 3722 909 3788 famulus
937 3723 1062 3790 Christi
1095 3726 1189 3812 signo
1211 3725 1290 3791 fidei
1313 3748 1347 3791 se

266 3831 268 3835 ’
295 3821 450 3908 signavit,
473 3821 578 3888 seiens
613 3823 732 3888 exinde
755 3825 910 3910 angelum
943 3825 1026 3891 lueis
1048 3848 1116 3891 non
1137 3827 1346 3906 irritandum,

294 3923 448 4010 angelum
470 3929 582 3988 autem
605 3925 815 3989 tenebrarum
838 3926 967 3991 eminus
990 3927 1210 4013 effugandum.
1250 3929 1346 4010 Quod
1360 3907 1462 3958 ⁰⁸¹⁷⁸¹⁶

294 4031 328 4090 et
358 4025 483 4090 fastum
507 4031 563 4089 est.
611 4025 777 4106 Juvenem
800 4049 942 4112 namque
966 4027 1028 4093 hae
1051 4030 1155 4094 erucis
1178 3975 1515 4104 armaturaiiiiiiiti

294 4127 469 4202 munitum,
493 4127 608 4191 statim
632 4127 773 4213 degener
804 4129 951 4215 angelus,
974 4129 1033 4214 qui
1055 4132 1220 4216 apparuit,
1251 4135 1345 4197 terri-
1358 4175 1400 4222 the
1412 4189 1488 4224 m

294 4237 349 4294 tus
373 4229 467 4315 fugit
507 4229 600 4294 Tune
623 4229 678 4294 ille
711 4231 862 4316 psallens,
893 4233 924 4296 A
950 4231 1076 4298 dextris
1098 4240 1153 4310 eat,
1177 4235 1235 4313 ait,
1257 4235 1345 4301 mitt
1359 4251 1483 4304 Palu.

293 4330 475 4409 Dominus,
498 4352 541 4395 ue
572 4353 786 4398 eommovear.
833 4333 979 4420 Propter
1000 4335 1058 4401 boe
1080 4336 1278 4404 mactatam
1300 4346 1345 4404 est
1359 4321 1419 4377 Μ·

294 4455 349 4500 eor
369 4454 493 4510 meum
516 4439 546 4498 at
568 4433 731 4500 multavit
754 4434 879 4520 tirrano
901 4457 977 4503 meu
989 4465 1002 4519 ;
1035 4438 1181 4524 insuper
1214 4449 1244 4506 et
1265 4463 1344 4508 euro

296 4603 499 4610 —-.....-—-.-....

328 4691 399 4756 lpro
427 4695 622 4761 compunctione]
655 4711 700 4760 per
728 4711 798 4746 eom·
877 4696 980 4764 2em'm]
995 4698 1096 4761 etenim,
1108 4701 1139 4751 B.
1223 4703 1226 4710 '
1262 4719 1267 4730 ·

293 4772 464 4837 punctionem,
476 4772 511 4821 A.

1359 4106 1401 4156 the
1413 4107 1469 4174 sign
1481 4109 1513 4158 of
1614 4165 1619 4174 ¹
