3582 5798
654 878 814 932 rumora
839 878 1014 932 murano.
1308 865 1351 939 57

295 1063 395 1154 lignis
420 1067 604 1156 ⁸fabricata
648 1067 747 1132 simul
785 1067 926 1134 flammis
955 1057 1036 1134 ¹tota
1074 1066 1252 1152 deperibat,
1289 1086 1352 1132 nec

295 1169 411 1236 domus
443 1169 493 1235 illi
523 1169 688 1257 contigua,
711 1169 761 1234 illi
787 1169 967 1247 sublimior,
990 1169 1106 1236 sedin
1128 1168 1219 1236 nullo
1241 1168 1350 1232 humi-

295 1272 374 1352 dior,
394 1311 396 1314 ·
413 1273 450 1338 in
487 1272 599 1358 aliquo
636 1272 769 1358 penitus
806 1273 996 1350 laedebatur,
1035 1272 1112 1340 licet
1149 1271 1227 1338 hinc
1273 1271 1350 1336 inde

295 1375 438 1441 flammis
453 1374 554 1462 ipsis¹
575 1379 787 1461 premeretur.
827 1361 894 1441 Sed
909 1375 991 1460 quid
1013 1379 1133 1462 agam?
1172 1374 1209 1439 Si
1232 1380 1352 1440 cuncta

294 1499 369 1563 quae
392 1498 451 1563 per
473 1477 562 1544 hunc
583 1477 853 1562 gloriosissimum
876 1483 1004 1562 petrem
1027 1477 1111 1541 mira
1133 1475 1228 1556 fiunt,
1249 1480 1350 1561 atque

293 1588 479 1658 narrantur,
502 1581 688 1648 litterarum
721 1580 885 1648 memoriae
919 1581 1049 1646 tradere
1080 1581 1225 1658 voluero,
1258 1580 1350 1666 operi

296 1683 389 1751 nullo
433 1683 653 1751 claudendum
691 1683 833 1750 termino
870 1703 1006 1749 manum
1043 1683 1192 1769 imposui.
1256 1683 1352 1763 Quod

292 1785 388 1873 quale
426 1787 479 1864 sit,
509 1785 595 1852 forte
631 1786 762 1853 videbit
798 1786 857 1884 qui
894 1785 1084 1854 attenderit
1144 1786 1352 1871 Quapropter

295 1888 423 1954 omissis
461 1887 652 1966 innumeris,
690 1888 765 1955 aliis
802 1909 907 1952 unum
940 1887 1050 1954 adhuc
1084 1887 1124 1953 de
1162 1909 1200 1954 eo
1238 1888 1351 1973 paucis

295 1991 443 2069 referam,
465 1995 500 2056 et
521 1991 569 2058 sic
591 1991 670 2058 huic
691 1991 782 2077 operi
804 1989 904 2056 finem
926 1989 1101 2077 imponam.

341 2095 392 2159 10.
409 2091 507 2160 Saeva
521 2093 711 2179 pestilentia
726 2092 974 2180 wigornensem
989 2092 1192 2180 provinciam
1208 2093 1351 2178 quadem
1363 2102 1390 2152 A
1402 2099 1479 2180 pespi-

295 2195 368 2262 vice
400 2194 644 2282 depopulabat,2
665 2195 755 2261 viros
786 2217 825 2263 ac
846 2195 1009 2274 mulieres,
1028 2197 1169 2282 juvenes
1191 2196 1291 2262 simul
1312 2168 1473 2263 &clencan

1362 2235 1405 2285 the
1416 2251 1474 2300 pro-

295 2297 460 2383 parvulos,
483 2298 624 2364 interitu
661 2297 833 2384 repentino
871 2298 1052 2364 involvens.
1099 2296 1193 2384 Saepe
1227 2299 1350 2364 etenim
1362 2302 1478 2352 vineeof

295 2398 394 2465 homo
427 2421 528 2467 sanus
562 2405 597 2466 et
627 2401 735 2467 alacer
761 2399 851 2465 domi
874 2400 928 2466 vel
951 2405 1047 2468 extra
1069 2400 1203 2466 domum
1226 2371 1517 2479 sedens,w⁰‘⁰⁰⁸‘⁹¹·

296 2502 476 2581 ambulans,
508 2507 570 2570 aut
599 2507 700 2580 stans,
735 2503 846 2569 subito
880 2503 1028 2582 cadebat,
1062 2507 1098 2568 et
1127 2503 1350 2589 impoenitens,

295 2603 507 2683 inconfessus,
553 2603 793 2680 communionis
839 2603 1007 2670 Dominici
1044 2605 1188 2690 corporis
1226 2627 1351 2690 expers,

296 2705 478 2792 expirabat
526 2706 608 2788 Quae
631 2728 683 2774 res
698 2705 813 2772 multis
836 2727 966 2793 magnae
989 2695 1166 2772 formidini
1180 2707 1270 2774 facta
1292 2713 1350 2773 est.

300 2807 363 2873 Oui
398 2809 486 2876 malo
518 2808 637 2875 fratres
675 2809 819 2876 eeclesiae
851 2808 983 2876 Sanctae
1012 2809 1076 2876 Dei
1106 2809 1276 2895 genitricis
1313 2831 1352 2876 ac
1366 2818 1491 2896 Ospald’s

294 2916 462 2997 perpetuae
492 2911 632 2998 virginis
655 2910 770 2977 Mariae
793 2910 1019 2998 Wigornensis
1049 2911 1174 2978 mederi
1209 2933 1352 2976 summo·
1365 2885 1482 3002 ffilffi
1573 2935 1575 2940 ·

295 3033 372 3098 pere
393 3013 624 3094 desiderantes,
641 3013 797 3082 scrinium
813 3013 909 3080 Beati
925 3013 1073 3080 Oswaldi
1096 3035 1155 3101 per
1177 3014 1351 3082 circuitum
1365 3020 1465 3096 noune
1475 3020 1519 3072 the

296 3114 388 3182 urbis
414 3136 490 3182 cum
514 3115 658 3182 loetaniis
680 3116 892 3202 procedentes
924 3115 1086 3194 deferunt,
1109 3117 1218 3203 ipsum
1241 3093 1425 3203 ponci-⁰¹²5·

296 3219 390 3286 ficem
413 3239 489 3284 suas
511 3239 622 3304 preces
645 3217 716 3284 Deo
739 3239 798 3304 pro
821 3239 882 3284 sua
904 3218 1084 3305 populique
1107 3219 1213 3286 seluto
1236 3220 1351 3286 offerre

296 3321 351 3408 pio
384 3320 505 3387 affectu
539 3319 752 3407 postulantes
800 3320 886 3388 Mira
923 3319 988 3388 Dei
1025 3322 1141 3407 pietas,
1174 3323 1259 3388 mira
1296 3321 1506 3403 etssrhepesu.

295 3423 466 3489 tremenda
515 3426 679 3509 potestas!
736 3421 913 3510 Extemplo
946 3423 1136 3509 pestilentia
1173 3429 1246 3492 tota
1282 3445 1349 3491 non
1362 3404 1432 3454 ¹³¹¹⁰⁰

296 3527 401 3591 solum
424 3525 617 3612 Wigornam
640 3524 782 3610 reliquit,
806 3525 863 3590 sed
895 3529 930 3590 et
951 3525 1048 3593 villas
1075 3526 1348 3612 circumjacentes,
1362 3485 1505 3598 iiisriiano

297 3629 338 3694 de
368 3627 489 3713 quibus
527 3625 643 3694 incolae
680 3626 732 3692 sui
770 3626 975 3692 advenerant
1008 3648 1104 3714 opem
1142 3629 1247 3695 sancti
1284 3629 1349 3694 viri
1362 3605 1491 3722 *ὄξξᾟᾎῗζ

295 3729 517 3816 implorantes.
562 3727 667 3794 villos
699 3733 812 3794 autem
846 3749 986 3813 quarum
1020 3728 1160 3796 cultores
1198 3729 1483 3802 laetaniashelphad

295 3831 383 3917 ipses
417 3831 694 3918 parvipendentes
728 3831 775 3896 eie
808 3831 966 3898 interesse
995 3832 1258 3917 supersederunt,
1282 3807 1407 3898 nonbee

295 3933 344 4000 ite
366 3933 518 4010 deseruit,
541 3931 600 3997 sed
621 3936 682 3998 ant
703 3952 773 4018 par,
794 3936 855 3998 aut
885 3930 1016 3998 saevitia
1037 3932 1150 4018 major,
1174 3955 1272 4018 super
1294 3956 1349 4000 eos

296 4035 455 4101 efferbuit.
517 4033 609 4100 inter
640 4055 731 4119 ques,
763 4055 839 4102 cum
872 4039 907 4100 et
937 4033 1087 4100 homines
1125 4035 1349 4102 Perscorenses

295 4159 362 4204 non
406 4137 535 4203 modica
576 4136 763 4202 vastatione
793 4141 1008 4214 consumeret,
1042 4137 1218 4203 nonnullos
1249 4137 1349 4204 etiem

296 4262 338 4306 ex
360 4238 529 4306 monachis
551 4239 693 4306 coenobii
715 4238 779 4306 loci
801 4237 906 4325 ipsius
921 4237 1035 4306 eadem
1061 4239 1159 4326 plaga
1181 4241 1349 4326 percussit,

295 4347 330 4406 et
361 4341 398 4405 in
429 4345 578 4408 extrema
610 4362 714 4427 usque
745 4339 911 4426 perduxit.
957 4339 1056 4407 Unde
1078 4341 1213 4427 quidam
1236 4365 1349 4410 eorum
1363 4363 1520 4416 Amonkof

295 4443 374 4508 dum
406 4441 511 4529 ipsius
542 4441 649 4510 morbi
680 4439 867 4510 valitudine
898 4463 1035 4529 pressus,
1069 4463 1163 4530 paene
1193 4445 1349 4550 ultimum
1362 4431 1517 4550 fffilffiffl

1360 3822 1461 3940 soulglht.

329 4666 338 4699 ¹
356 4666 431 4732 ipris]
452 4664 543 4731 ipsius,
553 4669 585 4718 B.
882 4666 947 4734 ὀὶ]
967 4673 1050 4733 etque,
1062 4669 1093 4720 Β.

326 4751 337 4784 ²
354 4744 539 4813 depopulabat]
591 4745 798 4812 depopulabatur,

295 4829 327 4880 B.
