3538 5800
665 884 824 935 lucrosa
847 885 1021 936 mouruo.
1320 869 1363 940 27

189 1075 198 1096 '
309 1077 349 1138 ut
363 1072 466 1151 fieret,
489 1093 620 1138 neeesse
642 1073 839 1140 omnimodis
861 1073 948 1154 fuit;
970 1078 1170 1160 quapropter
1191 1071 1365 1158 adquievit

309 1175 366 1241 ille
388 1175 469 1256 Deo,
493 1175 735 1261 adquiescendo
758 1176 927 1242 voluntati
949 1198 1119 1243 servorum
1142 1176 1213 1241 Dei.

355 1280 407 1343 22.
431 1277 553 1344 Factus
579 1279 684 1364 igitur
699 1279 961 1365 archiepiscopus
977 1279 1200 1356 Eboracensis,
1223 1278 1362 1344 Romam
1375 1285 1479 1404 Opepapp

309 1381 427 1472 pergit,
460 1379 600 1466 pallium
637 1380 784 1446 ecclesiae
814 1403 883 1446 suae
915 1381 1067 1446 debitum
1106 1382 1149 1445 ab
1170 1379 1362 1466 Apostoliea
1373 1370 1507 1472 bomefor

310 1480 408 1547 sedel
437 1483 665 1568 requisimus,
688 1483 897 1569 plurimaque
920 1485 1055 1570 negotia
1077 1483 1178 1569 regni,
1202 1487 1301 1568 prout
1323 1487 1486 1551 esthertlL

310 1605 370 1647 rex
392 1583 456 1648 sibi
487 1584 707 1670 delegaverat,
730 1606 805 1651 oum
836 1586 909 1671 ipso
931 1590 1143 1651 tractaturus.
1190 1583 1282 1649 Hinc
1304 1605 1362 1669 pa·

310 1685 409 1750 triam
432 1707 588 1773 egressus,
612 1687 754 1752 transito
776 1687 869 1764 mari,
892 1688 1044 1752 transitis
1075 1687 1173 1752 terris
1204 1687 1362 1773 periculo-

309 1809 384 1851 rum
407 1787 661 1854 diversitatibus
693 1790 801 1876 plenis
839 1789 979 1855 Romam
1011 1791 1174 1876 pervenit,
1210 1789 1361 1854 Romana

306 1889 435 1955 moenia
468 1890 569 1956 subit.
629 1891 713 1956 lude
739 1891 887 1956 Johonni
916 1890 1108 1977 Apostolico
1135 1895 1363 1976 praesentatus,

311 1991 383 2056 voti
407 2013 540 2079 compos
563 1987 711 2060 efficitur.
749 1993 925 2079 ¹Denique
949 1998 1101 2079 suscepto
1134 1993 1236 2079 pallio
1275 1992 1364 2078 quod

310 2093 453 2179 petebat,
496 2094 631 2162 iunctus
674 2117 804 2181 quoque
839 2095 1003 2181 responsis
1051 2096 1151 2181 regiae
1189 2094 1363 2182 legationis

311 2216 411 2280 quam
448 2195 584 2274 ferebat,
621 2197 799 2263 honorifice
848 2219 869 2262 a
890 2219 977 2284 papa
1014 2197 1168 2262 dimissus
1206 2195 1363 2282 Angliam

310 2299 498 2376 revertitur,
520 2319 671 2364 reversus
693 2321 714 2364 a
736 2300 884 2386 principe
907 2300 1002 2386 regni
1032 2321 1071 2365 ac
1092 2320 1193 2385 regno
1224 2299 1363 2384 gloriose

311 2399 476 2485 recipitur.
534 2401 614 2466 Post
659 2423 734 2488 quse
781 2402 912 2466 reddito
949 2401 1021 2487 regi
1066 2401 1241 2487 legationis
1294 2422 1363 2466 suec

311 2522 475 2588 response,
506 2507 541 2568 et
562 2503 645 2589 ipso,
669 2505 759 2589 quod
781 2505 818 2568 in
848 2503 1001 2570 omnibus
1031 2503 1213 2590 prudenter
1235 2502 1365 2588 egisset,

311 2600 438 2666 sullimi
476 2603 640 2688 praeoonio
671 2625 693 2669 a
726 2605 853 2670 cunctis
885 2604 1074 2689 praedicato,
1109 2625 1230 2691 magna
1277 2604 1365 2690 regis

312 2703 545 2769 benevolentia
584 2705 688 2770 fretus
720 2705 764 2771 od
797 2707 908 2771 sedem
940 2727 1034 2770 suam
1058 2705 1238 2771 Eboracam
1260 2705 1364 2769 vadit.

313 2806 381 2873 Ubi
404 2809 533 2894 egregio
555 2830 631 2874 oum
653 2809 775 2875 honore
809 2813 989 2895 susceptus,
1011 2831 1087 2874 cum
1109 2809 1219 2894 jubilo
1250 2808 1363 2894 plebis,
1379 2831 1504 2884 Oswno’s

312 2929 387 2974 cum
432 2909 558 2974 sonoris
600 2910 792 2976 clericorum
835 2909 1048 2976 concentibus
1087 2910 1276 2976 cathedram
1315 2914 1365 2974 est
1376 2899 1503 2972 receptor

312 3011 622 3099 archiepiscopalem
665 3012 829 3098 indeptus.
892 3011 965 3091 Quo
1005 3011 1104 3089 facto,
1156 3033 1224 3076 non
1270 2967 1495 3097 quaeiatrork.

312 3113 404 3178 rudis
439 3118 474 3178 et
506 3113 638 3192 inscius,
662 3114 721 3180 sed
754 3119 796 3178 ut
827 3134 906 3179 vere
937 3114 1094 3178 emeritus
1123 3134 1162 3178 ac
1193 3114 1364 3200 perspicax

313 3221 425 3302 pastor
447 3215 562 3280 ovium
588 3215 663 3294 Dei,
685 3216 739 3281 die
768 3215 829 3304 illa
858 3215 1080 3282 confluentem
1103 3216 1365 3296 multitudinem,

312 3323 383 3384 tam
414 3319 612 3384 documento
645 3317 727 3383 vitoe
760 3318 929 3384 manentis
961 3340 1062 3404 quom
1093 3315 1253 3384 alimento
1283 3320 1365 3386 vitoe

312 3420 464 3498 labentis,
487 3419 651 3506 copiosius
673 3420 778 3505 pavit.
1322 3509 1326 3520 ἱ

359 3538 409 3601 23.
434 3534 523 3599 Exin
548 3539 696 3600 tractans
730 3555 842 3600 secum
873 3535 958 3601 illud
981 3535 1160 3622 Sapientis,
1190 3536 1269 3623 quia
1306 3536 1404 3607 acts.
1417 3557 1532 3609 Luexii.

309 3637 393 3725 pbcs
431 3636 667 3716 committitur,
701 3637 785 3724 ptus
822 3637 864 3704 eb
891 3659 927 3704 eo
968 3638 1126 3725 eripitur,
1157 3641 1247 3707 omni
1284 3641 1366 3707 hora
1378 3626 1418 3673 ⁴⁸·

313 3739 452 3805 sollicite
467 3739 606 3805 emebat
627 3741 678 3805 ita
699 3739 765 3806 sibi
788 3740 963 3807 commissa
978 3741 1199 3829 dispensando
1221 3747 1365 3809 tractare

313 3845 349 3907 et
370 3843 543 3907 tractando
566 3841 763 3928 dispensare,
795 3847 834 3906 ut
856 3841 942 3906 nihil
964 3864 985 3907 a
1016 3863 1051 3908 se
1073 3845 1110 3907 in
1140 3845 1253 3910 futuro
1276 3845 1365 3930 quod

313 3943 551 4010 detrimentum
573 3943 638 4008 sibi
659 3944 813 4030 gigneret
834 3943 1045 4030 erigeretur,z
1066 3947 1125 4011 sed
1154 3948 1243 4032 quod
1265 3949 1365 4014 beata

312 4045 577 4112 remuneratione
609 4045 796 4111 donaretur.
842 4046 1063 4126 Quamobrem
1096 4048 1184 4114 idem
1207 4050 1266 4135 qui
1299 4050 1508 4129 fuitflisgreat

312 4148 350 4213 in
376 4147 571 4214 visitatione
592 4147 867 4214 monasteriorum
903 4169 979 4234 quoe
1012 4149 1206 4218 instituerat
1236 4175 1365 4240 semper
1377 4131 1524 4251 {ffl'hss

314 4249 438 4327 extitit,
461 4249 550 4314 idem
581 4249 619 4314 in
643 4249 865 4318 consolatione
891 4250 1033 4317 fratrum
1062 4253 1146 4319 inibi
1173 4255 1364 4342 degentium

312 4351 470 4440 perstitit,
485 4351 575 4416 idem
596 4353 634 4416 in
656 4355 898 4421 sustentatione
919 4353 1053 4422 illorum
1068 4358 1281 4446 omniumque
1304 4383 1365 4428 sua

314 4475 375 4539 ope
397 4452 623 4540 indigentium
652 4455 785 4522 mansit.
843 4455 886 4520 In
915 4455 1010 4523 nullo
1041 4457 1147 4543 igitur
1176 4463 1364 4528 sanctitatis

348 4700 521 4766 1Δρωεοὶἰειι
546 4701 617 4767 sede]
657 4700 816 4765 Apostolleo,
841 4701 848 4835 Ι
895 4703 1077 4771 ἰτίᾳενοειιν]
1097 4706 1277 4774 insurgeretur,
1291 4711 1320 4762 B.

313 4781 347 4830 A.
