3582 5798
679 893 838 945 socronn
861 895 1001 944 seviro,
1317 883 1358 949 61

310 1081 417 1146 multa.
453 1081 635 1149 radiaverit
679 1085 848 1172 signorum
886 1085 1042 1171 dignitas,
1080 1085 1210 1171 parcius
1248 1088 1363 1150 lamen

310 1182 419 1268 eloqui
453 1190 488 1250 et
521 1187 685 1273 congestis
718 1187 882 1254 coloribus
917 1189 1051 1254 recisius
1086 1188 1169 1253 duxi
1203 1187 1363 1273 ampliare
1482 1211 1492 1222 ·

309 1287 488 1372 negotium,
522 1309 565 1354 ne
595 1290 683 1374 quod
714 1290 814 1354 nimis
848 1291 892 1356 ab
925 1289 978 1354 his
1009 1289 1196 1375 sumpserit,
1225 1286 1359 1354 veritat'

310 1387 459 1454 decidere
497 1391 659 1457 videatur.
731 1391 845 1456 Habet
881 1392 970 1457 enim
1005 1393 1129 1456 veritas
1166 1390 1248 1456 fines
1286 1409 1362 1454 suos

310 1490 430 1575 quibus
460 1497 624 1572 contente,
651 1479 855 1560 emendicato
879 1493 1045 1579 suffragio,
1069 1498 1188 1559 ornatu
1212 1492 1361 1578 quaesito,

309 1592 418 1658 efferri
440 1595 560 1672 renuit,
584 1597 740 1682 quoniam
764 1595 899 1661 omnino
921 1613 1017 1660 suum
1040 1615 1109 1660 non
1132 1599 1182 1660 est
1204 1593 1362 1680 quicquid

309 1697 489 1763 immiscuit
520 1697 615 1764 favor
645 1699 818 1785 gratiosus.
882 1698 952 1784 Ego
984 1703 1098 1764 tamen
1133 1698 1243 1762 minus
1274 1697 1363 1762 feror
1373 1705 1428 1757 Tho

1328 1799 1334 1814 ·
1374 1773 1487 1824 sudror¹s

309 1799 459 1864 novitate
491 1800 660 1886 signorum
691 1801 771 1866 dum
803 1799 903 1886 hujus
934 1799 1000 1864 viri
1031 1799 1130 1864 fidem
1162 1799 1302 1877 intueor,
1325 1821 1530 1891 ¹¹¹reasonsfor

309 1901 404 1986 cujus
443 1903 568 1969 virtute
601 1904 642 1968 de
674 1925 716 1982 se,
752 1904 793 1969 de
825 1902 958 1980 mundo,
981 1903 1023 1968 de
1054 1901 1203 1988 principe
1234 1902 1361 1980 mundi,
1374 1906 1524 1984 wgiunghis

309 2001 372 2066 sub
399 2001 570 2069 elementis
602 2004 719 2068 mundi
749 2003 948 2068 mirabiliter
977 2001 1207 2088 triumphavit.
1268 2001 1362 2067 Inter
1374 1972 1439 2024 ΜΘ·

309 2103 434 2169 medios
460 2105 572 2171 hostes
599 2106 746 2172 hostium
780 2104 951 2171 molimina
982 2104 1199 2191 pertransivit
1230 2103 1361 2182 illresus,

311 2206 390 2292 quis
420 2207 500 2272 dum
531 2208 829 2294 concupiscentiam
865 2205 1020 2293 sepelivit
1051 2205 1089 2271 in
1119 2228 1163 2285 se,
1187 2205 1361 2272 efficaciam

309 2309 510 2395 compescuit
539 2310 576 2374 in
606 2310 709 2388 hoste,
733 2331 884 2396 quaerens
914 2309 978 2374 sibi
1009 2329 1077 2375 non
1099 2329 1173 2394 quse
1196 2308 1361 2374 triviatim

310 2411 467 2478 dissultat
488 2413 603 2499 gloria,
618 2414 676 2478 sed
698 2413 839 2500 gloriam
861 2412 1078 2478 conscientia.
1126 2411 1246 2478 Iceircc
1262 2410 1362 2476 bono-

307 2535 381 2578 rum
404 2514 585 2580 retributor
611 2515 702 2580 Deus
727 2515 920 2602 properavit
947 2514 1084 2580 educere
1107 2513 1202 2580 illum
1230 2514 1271 2578 de
1294 2535 1360 2578 me-

308 2616 364 2682 dio
394 2617 594 2702 iniquitatis,
620 2618 778 2702 quoniam
811 2618 934 2704 placita
965 2622 1037 2683 erat
1064 2617 1105 2681 ni
1128 2619 1241 2682 snima
1262 2615 1361 2694 illius,

308 2705 532 2796 otmundus,
567 2719 657 2805 quod
694 2741 792 2784 suum
830 2739 898 2785 non
932 2725 1012 2797 erat,
1047 2739 1115 2785 non
1149 2719 1256 2784 odisse
1293 2741 1362 2784 non

307 2820 426 2906 potuit.
493 2821 724 2907 Conscriptum
757 2822 871 2908 itaque
902 2822 938 2886 in
970 2821 1070 2887 Libro
1094 2821 1191 2900 Vitae,
1224 2821 1362 2888 circum·

306 2922 466 3007 scriptum
496 2921 644 2988 Parudisi
671 2923 874 3003 amoenitate,
899 2921 1035 2989 inscribi
1062 2923 1163 2988 etiam
1193 2923 1377 2989 mentibus·

307 3024 429 3089 nostris
461 3025 608 3110 expedit,
631 3029 671 3090 ut
701 3023 756 3091 hic
786 3024 882 3090 nobis
913 3025 1092 3110 speculum,
1123 3025 1171 3090 ibi
1201 3031 1362 3112 patronus

307 3126 440 3205 existat,
460 3127 518 3192 ubi
542 3127 648 3192 Filius
670 3128 707 3192 in
729 3127 904 3214 majestate
928 3127 1037 3193 Patris
1060 3132 1119 3206 est,
1142 3147 1217 3194 earo
1238 3134 1360 3207 nostra,

306 3234 341 3294 et
362 3229 465 3296 irater
487 3235 605 3296 noster.
667 3229 786 3316 Neque
817 3231 905 3296 enim
929 3231 959 3296 ei
983 3229 1160 3316 quicquam
1183 3231 1361 3318 denegabit

307 3329 406 3398 Pater
428 3331 736 3410 misericordiarum,
758 3333 942 3418 praesertim
965 3352 1040 3397 cum
1063 3333 1262 3419 suggesserit
1283 3355 1360 3400 eau-

306 3457 376 3500 sam
410 3433 553 3500 filiorum
585 3434 782 3500 coheredum
817 3433 922 3499 Jhesu
955 3433 1089 3500 Christi.
1152 3434 1227 3501 Hac
1256 3435 1360 3521 igitur

306 3537 464 3615 utilitate,
496 3557 697 3622 quemquam
732 3558 808 3602 eum
845 3537 885 3602 de
919 3537 1029 3602 medio
1063 3537 1181 3604 iecerit
1213 3538 1358 3603 conditio

306 3641 422 3717 carnis,
438 3639 599 3725 nobisque
614 3638 819 3706 subtraxerit
841 3639 965 3724 injuria
979 3645 1175 3725 temporum,
1191 3640 1357 3706 memoriae

134 3741 613 3811 m1.11v.2.umenh0minum
644 3742 813 3808 hominem
836 3742 930 3828 cujus
953 3741 1121 3807 mcoaorio
1142 3741 1186 3807 rba
1209 3740 1356 3808 meuc

305 3845 397 3912 tiorw
418 3851 463 3911 eat
485 3844 563 3910 stilo
585 3865 738 3910 revocare
761 3845 912 3922 conabor,
935 3848 1035 3930 prout
1065 3863 1182 3930 parere
1205 3843 1357 3930 dignabi-

304 3955 360 4015 tur
383 3949 419 4014 in
441 3949 615 4016 dulcedine
638 3947 707 4016 Sua
729 3947 867 4035 pauperi
890 3947 989 4014 Deus.

419 4211 551 4300 Incipit
578 4205 659 4279 Vua
681 4207 802 4278 Sancti
826 4207 976 4278 Oauoldo'
998 4203 1249 4296 archiepiscopi.

348 4374 435 4446 Puer
449 4381 554 4467 igitur
568 4377 743 4445 Oswaldus
766 4378 802 4442 in
817 4377 889 4463 ipso
904 4375 1005 4462 hujus
1020 4375 1134 4442 vitalis
1150 4396 1239 4442 auree
1255 4373 1356 4441 vesti·

302 4483 382 4548 bulo
404 4484 570 4569 ingressus
591 4481 762 4559 mundum,
778 4481 903 4546 mundo
925 4501 993 4545 non
1007 4479 1162 4556 instabat,
1179 4480 1356 4544 advertens

216 4571 220 4581 ¹
302 4585 388 4651 nihil
412 4585 474 4650 sub
496 4584 564 4650 sole
590 4583 749 4670 quietum,
772 4583 859 4648 nihil
888 4602 956 4648 non
987 4581 1168 4648 obnoxium
1191 4581 1356 4661 vanitati3

131 4697 221 4751 rJoh.
234 4697 259 4751 ii.
302 4694 468 4776 postremo
498 4687 653 4774 quoniam
686 4685 842 4753 mucidus
872 4684 1001 4752 transit
1030 4691 1060 4750 et
1083 4683 1357 4771 coucupiscentia

130 4769 173 4819 ¹⁷·
303 4791 382 4878 ejece.
428 4791 482 4856 Ab
512 4791 565 4855 his
588 4791 701 4876 itaque
725 4789 879 4856 deficiens
903 4794 937 4854 et
960 4787 1094 4853 inhians
1117 4788 1237 4853 studiis
1261 4793 1356 4854 aeter·
