3582 5798
714 891 877 946 Auernus
901 893 1040 946 aurare.
1356 889 1397 951 69

340 1085 375 1146 et
396 1081 556 1150 alimenta
576 1091 613 1149 ab
636 1091 699 1165 ipss
721 1095 842 1153 eeclesia
865 1087 1141 1152 ministrabantur
1163 1087 1230 1166 eis;
1263 1093 1398 1174 eratque

338 1182 375 1246 id
408 1185 509 1250 moris
541 1186 630 1252 inter
661 1187 736 1255 illos
766 1205 801 1254 nt
830 1215 930 1254 omnes
953 1197 1052 1254 elerici
1074 1203 1179 1262 essent,
1212 1187 1384 1275 intelligen

339 1285 422 1351 tium
445 1287 605 1356 habentes
628 1292 826 1359 litteramm.
873 1291 926 1356 Ex
962 1292 1083 1376 quibus
1106 1317 1197 1353 unum
1230 1290 1294 1355 sibi
1317 1299 1396 1356 dele·
1410 1311 1481 1361 wat
1493 1313 1535 1363 the

339 1403 424 1468 gerat
446 1399 604 1474 oswaldus,
621 1401 704 1475 cujus
727 1421 781 1476 opo
804 1421 837 1459 aa
860 1401 1024 1458 ministerio
1044 1393 1220 1478 juvaretur
1243 1393 1395 1478 quotiens
1407 1377 1551 1508 ffiffi‘gfessk

339 1489 376 1555 in
398 1498 516 1578 erypta
550 1495 610 1562 illa
641 1498 846 1564 sacrificaret.
894 1505 1024 1575 Quodam
1046 1501 1160 1561 autem
1183 1503 1230 1560 die
1252 1517 1291 1560 eo
1314 1495 1396 1561 eele·
1552 1482 1558 1497 ⁸

339 1593 466 1674 brente,
489 1596 642 1683 dictaque
665 1609 812 1665 offerenda
827 1613 893 1680 post
908 1605 1101 1678 evangelium
1124 1619 1198 1662 oum
1222 1597 1257 1661 in
1280 1617 1396 1662 manus

339 1723 444 1778 panem
466 1712 497 1762 et
526 1709 646 1766 salicem
676 1715 811 1776 sumeret,
843 1705 882 1764 ut
916 1698 1113 1786 quibusdam
1144 1725 1206 1762 mos
1228 1725 1289 1764 esse
1312 1707 1395 1764 dino-

241 1809 247 1822 '
339 1807 437 1876 soitur,
467 1803 502 1865 et
525 1809 703 1879 Orationem,
728 1811 857 1884 suscipe,
880 1811 987 1866 Sancta
1009 1809 1145 1879 trinitus,
1177 1801 1213 1865 in
1236 1801 1396 1868 desiderio

338 1902 444 1967 sordis
466 1905 519 1968 sui
538 1904 699 1989 jubilaret
721 1927 829 1971 eoram
853 1904 1004 1981 Domino,
1028 1902 1269 1990 contemplatus
1291 1913 1395 1970 minis-

340 2019 383 2070 ter
406 2014 468 2085 ejus
502 2008 590 2072 vidit
621 2009 743 2095 egregii
776 2018 876 2072 vultus
900 2034 1052 2088 personam
1084 2035 1101 2070 a
1135 2007 1261 2070 dextris
1293 2017 1394 2073 ulteris
1409 2019 1536 2086 Anaugel

339 2123 475 2184 stantem,
499 2137 661 2192 panemque
684 2119 924 2176 candidissimum
947 2108 1101 2174 manibus
1123 2129 1254 2188 sursum
1277 2110 1393 2176 erectis
1406 2089 1539 2206 ffll‘tff

340 2215 517 2288 tenentem,
540 2234 608 2278 non
638 2213 772 2298 quidem
802 2211 991 2298 quantitate
1021 2231 1186 2296 magnum,
1210 2211 1267 2276 sed
1301 2233 1395 2278 reve·

339 2314 448 2380 rentia
481 2315 729 2402 dignissimum
763 2315 937 2400 stabatque
961 2335 1055 2378 verso
1089 2313 1187 2377 vultu
1219 2314 1255 2378 in
1284 2317 1395 2403 propi-

340 2415 519 2496 tiatorium,
542 2417 648 2484 altare
671 2418 836 2496 videlieet,
851 2417 910 2481 ubi
933 2435 1055 2481 manna
1077 2413 1306 2501 reponebatur,
1327 2440 1395 2482 non

336 2519 407 2605 jam
431 2519 467 2584 in
499 2521 749 2601 monimentum,
772 2521 830 2586 sed
862 2520 898 2584 in
930 2536 1047 2604 eorpus
1069 2515 1206 2583 Domini
1235 2519 1357 2585 transit
1382 2559 1395 2570 ·

340 2641 422 2687 rum.
469 2623 567 2702 Quod
599 2623 717 2688 videns
754 2621 906 2686 minister
943 2620 986 2685 ad
1024 2623 1095 2684 tam
1133 2619 1277 2685 subitam
1308 2621 1395 2708 signi

339 2725 524 2790 novitatem
562 2725 736 2812 obstupuit
770 2723 990 2790 vehementer.
1061 2721 1219 2808 Obriguit
1252 2743 1393 2810 corpore,

340 2827 629 2915 meditabaturque
660 2827 783 2915 fugam,
806 2827 864 2892 sed
887 2847 959 2892 eam
985 2845 1115 2912 quoque
1138 2826 1259 2912 pressit
1285 2827 1392 2894 timor.

341 2927 457 2995 Crevit
479 2931 574 3016 panis
598 2933 633 2996 in
659 2931 812 2997 manibus
835 2929 954 3016 angeli,
977 2929 1083 2994 erevit
1104 2949 1208 3014 pavor
1231 2929 1393 3010 ministri3

341 3032 447 3098 erevit
480 3035 576 3119 panis
614 3035 650 3099 in
682 3035 889 3111 immensum,
922 3037 956 3098 et
987 3031 1078 3096 ultra
1111 3032 1246 3096 modum
1281 3037 1391 3098 motus
1406 3055 1463 3110 'she
1475 3075 1538 3124 poor

341 3135 492 3201 minister
515 3147 585 3218 fuga
608 3145 705 3218 lapsus
727 3151 788 3217 est;
822 3155 900 3201 nem
930 3135 1026 3221 panis
1048 3133 1113 3212 ille,
1136 3133 1222 3200 sieut
1244 3123 1556 3202 gaoerdoselerkflees,

243 3248 250 3264 ·
341 3238 377 3300 in
400 3255 524 3304 canone
555 3239 755 3306 obsecrando
786 3243 820 3304 at
851 3239 1068 3304 consecrando
1098 3237 1302 3323 procedebat,
1325 3258 1393 3305 ore-

341 3361 429 3406 seere
451 3341 637 3408 videbatur,
683 3346 835 3407 Remansit
867 3350 964 3422 itaque
995 3351 1072 3405 solus
1098 3339 1212 3405 altaris
1243 3339 1394 3408 minister

341 3445 412 3508 sine
434 3443 587 3510 ministro
609 3443 751 3522 homine,
774 3464 853 3508 nam
883 3443 981 3508 homo
1011 3441 1092 3507 ioris
1116 3442 1267 3529 ingerens
1291 3448 1394 3510 eertu-

342 3547 403 3611 tim
435 3551 537 3634 eaput
567 3548 662 3626 ostio,
696 3547 877 3632 vidensque
909 3545 1048 3632 gloriam
1070 3544 1142 3622 Dei,
1174 3545 1298 3612 intrare
1325 3567 1392 3613 non

340 3651 559 3738 praesumpsit.
606 3651 636 3716 Ο
659 3649 803 3716 solitudo
826 3647 884 3714 ubi
915 3647 1099 3714 absentiam
1122 3647 1294 3714 hominum
1317 3671 1392 3737 sup·

340 3753 410 3838 plat
447 3753 624 3840 praesentia
661 3751 881 3838 Angelorum!
942 3747 1031 3816 Nam
1069 3775 1136 3814 oum
1174 3761 1256 3832 “per
1294 3761 1393 3818 omnia

340 3864 358 3890 “
380 3867 486 3922 saeouls
504 3844 703 3932 saeoulorum,''
720 3861 754 3921 et
776 3859 903 3933 catera,
919 3879 984 3935 quas
1007 3853 1043 3917 in
1066 3852 1188 3938 populo
1211 3863 1270 3917 diei
1288 3863 1392 3933 solent,

340 3959 572 4046 pronuntiaret
594 3957 752 4037 sacerdos,
777 3957 835 4043 qui
865 3959 1000 4043 propter
1029 3954 1162 4020 astabat
1184 3954 1332 4042 Angelus
1355 3957 1391 4022 in
1404 3965 1546 4033 rhemgel

340 4060 566 4148 respondendo
588 4067 623 4126 et
646 4059 865 4126 ministrando
880 4055 1024 4123 ministri
1047 4057 1152 4124 offitio
1175 4055 1308 4124 ltmutus
1331 4066 1390 4141 est,
1402 4037 1560 4154 {ffig'gm

340 4165 488 4232 deferens
510 4163 707 4232 sacrificanti
729 4167 764 4229 et
786 4159 950 4230 sacrificio.
997 4161 1103 4228 Immo
1125 4161 1271 4248 dignitas
1294 4165 1392 4230 saeri-

341 4268 406 4334 fieii
429 4268 640 4334 sanctitatem
663 4265 804 4330 ministri
829 4261 1029 4350 praedioebat
1051 4263 1088 4327 in
1110 4263 1245 4350 Angelo.
1302 4265 1391 4332 Nam

340 4371 381 4436 de
404 4377 456 4437 tot
478 4369 625 4436 millibus
647 4368 849 4455 Angelorum
872 4367 930 4452 qui
953 4369 1098 4452 tempore
1121 4367 1271 4434 saerifloii
1294 4369 1390 4436 assis-

340 4479 409 4539 tere
431 4474 618 4550 ereduntur‚
634 4471 755 4558 quippe
779 4469 837 4534 ubi
860 4469 927 4534 ima
949 4467 1084 4533 summis
1108 4474 1142 4533 et
1164 4489 1293 4536 summa
1314 4471 1391 4536 imis

339 4577 595 4664 conjunguntur,
610 4593 714 4639 unum
738 4571 829 4637 misit
851 4571 942 4636 Deus
964 4571 1147 4650 visibiliter,
1164 4573 1221 4658 qui
1244 4573 1281 4637 in
1303 4575 1390 4640 facto

338 4701 398 4744 suo
431 4680 622 4766 loqueretur
652 4697 767 4764 paoem
799 4675 902 4752 nobis,
927 4663 1081 4739 Oswalrio
1110 4675 1145 4738 in
1176 4677 1388 4742 securitatem

338 4781 474 4868 praemii,
497 4781 594 4846 nobis
616 4779 652 4844 in
686 4778 827 4866 gratiam
850 4776 1002 4862 exempli.
1057 4775 1157 4841 Missa
1190 4776 1300 4844 hostia
1331 4801 1389 4844 vo·
