3410 5840
547 949 647 1000 ιιιιιε
670 950 714 999 οι
737 951 807 1000 rur
829 951 1077 1002 rnonsrsuors.
1259 942 1323 1008 529

267 1139 309 1204 ad
343 1161 398 1206 eos
443 1141 479 1204 in
513 1139 662 1226 praeliurn
700 1149 790 1204 misit.
858 1137 969 1226 Igitur
1014 1137 1190 1206 commisso
1227 1143 1325 1227 gravi

267 1242 390 1328 proelio,
414 1248 449 1308 et
471 1243 646 1307 innumera
669 1241 886 1306 multitudine
910 1240 1101 1306 Scottorum
1135 1248 1323 1336 perempta,
1412 1317 1423 1332 ο

265 1349 300 1409 et
322 1344 449 1410 coeteris
478 1344 592 1429 captis,
616 1342 669 1408 vel
692 1363 767 1408 cum
790 1363 849 1406 suo
864 1363 940 1428 rege
962 1342 1096 1428 fugatis,
1119 1342 1191 1410 Deo
1212 1345 1322 1412 auxil·
1335 1364 1445 1429 Agrea

266 1445 366 1522 iante,
381 1445 483 1532 Angli
506 1445 681 1512 victoriam
696 1443 924 1521 obtinuerunt,
939 1449 982 1521 et,
1005 1449 1045 1509 ut
1068 1445 1321 1513 evidentissime
1333 1431 1465 1553 &2⁸02th

264 1547 532 1634 comprobaretur
563 1567 631 1610 non
663 1567 704 1612 ex
727 1545 874 1611 humana
896 1546 1022 1612 virtute
1045 1547 1102 1612 sed
1125 1569 1168 1613 ex
1191 1547 1319 1615 Divina
1467 1537 1473 1550 ¹

264 1649 388 1734 pietate
422 1648 492 1714 haeo
525 1647 666 1714 victoria
696 1646 879 1732 provenire,
911 1646 972 1710 vix
1003 1667 1062 1733 per
1093 1647 1193 1713 unius
1226 1647 1318 1716 horae

264 1750 409 1836 spatium
440 1749 526 1814 illud
559 1749 684 1816 bellum
718 1747 861 1815 duravit.
909 1747 1030 1835 Sicque
1065 1749 1245 1836 prudentia
1283 1757 1317 1816 et

262 1852 427 1937 probitate
458 1852 584 1918 strenui
618 1851 759 1938 pastoris
781 1857 816 1916 et
846 1851 889 1916 ab
912 1851 975 1917 hac
996 1856 1073 1918 eta
1106 1849 1221 1919 multis
1243 1853 1318 1918 aliis

261 1953 410 2020 cladibus
431 1955 541 2040 patria
563 1954 634 2040 ejus
656 1953 775 2040 saepius
797 1953 937 2019 liberata
959 1959 1016 2019 est.

307 2056 379 2124 Nec
412 2058 518 2124 multo
548 2063 624 2145 post
654 2057 769 2124 eodem
801 2077 888 2122 anno
920 2055 1024 2122 nimia
1055 2055 1258 2122 valetudinis
1282 2061 1452 2194 etTrirppin’r

261 2159 440 2225 senectutis
463 2159 613 2225 molestia
636 2159 780 2224 sentiens
803 2180 837 2223 se
860 2157 1069 2244 praegravari,
1092 2159 1180 2224 curis
1202 2125 1423 2246 saeculihefflff

262 2262 395 2327 omnino
417 2261 549 2338 relictis,
572 2257 785 2328 coenobialem
810 2260 915 2325 vitam
947 2259 1101 2346 arripere,
1124 2259 1195 2325 Deo
1218 2261 1314 2346 adju·

260 2367 370 2439 vante,
393 2363 571 2448 proposuit.
618 2361 707 2428 Nam
739 2363 819 2426 dum
847 2362 983 2446 juvenis
1013 2365 1091 2440 erat,
1115 2362 1313 2430 monachum

260 2485 294 2528 se
310 2470 448 2530 voverat
434 2465 532 2529 tsub
554 2464 782 2530 observatione
806 2463 1080 2530 Cluniaoensium¹
1126 2463 1225 2530 Unde
1248 2463 1313 2528 dis-
1328 2462 1451 2528 Regii-es

260 2567 349 2652 posit
349 2567 377 2630 is
334 2567 500 2632 trebus
530 2567 607 2644 suis,
631 2572 730 2652 prout
753 2567 782 2632 ei
818 2565 953 2650 placuit,
976 2564 1101 2650 absque
1124 2587 1182 2652 spe
1205 2587 1314 2631 rever·
1327 2528 1474 2662 ἓξὲξ

260 2668 353 2732 tendi
376 2669 419 2734 ab
442 2668 587 2734 Eboraco
611 2668 768 2734 discessit.
815 2667 882 2732 Sed
913 2667 993 2752 quia
1025 2667 1110 2732 clero
1134 2672 1169 2733 et
1179 2667 1313 2782 ‘populo
1326 2661 1433 2778 ᾱθξζω

260 2789 319 2834 suo
348 2769 534 2835 inconsulto
566 2770 627 2836 hoo
661 2789 756 2856 agere
791 2767 901 2854 coepit,
923 2789 945 2834 a
975 2767 1100 2834 clericis
1138 2767 1206 2833 suis
1238 2790 1314 2835 eum
1326 2736 1449 2854 Evpuhe

259 2871 531 2985 persequentibus
554 2871 597 2935 ad
613 2870 723 2935 sedem
739 2891 833 2934 suam
848 2871 1020 2934 revocatus
1043 2873 1100 2932 est.
1080 2868 1313 2934 tReversus
1327 2867 1465 2975 'yflffioff

259 2971 363 3057 igitur
385 2993 461 3037 cum
484 2971 644 3057 religiosis
679 2979 713 3036 et
744 2971 949 3056 sapientibus
972 2970 1053 3035 viris
1076 2971 1117 3035 de
1140 2972 1221 3039 ittae
1244 2991 1434 3042 suaeewhile.

260 3073 555 3149 emendationem
520 3079 555 3137 et
578 3073 773 3158 quomodo
763 3094 800 3135 ιιι
830 3071 1113 3156 archiepiscopatu
1143 3073 1256 3137 sanius
1279 3079 1314 3137 et

259 3174 376 3238 utilius
392 3194 584 3238 conversare
600 3178 710 3258 posset
725 3172 977 3259 diligentissimo
994 3172 1159 3237 tractavit.
1193 3169 1314 3258 Itaque

259 3297 332 3360 quae
369 3276 485 3340 merite
524 3275 664 3340 abstulit
701 3275 890 3352 restituens,
923 3279 957 3338 et
989 3272 1211 3338 servientibus
1244 3274 1312 3339 suis

259 3399 332 3464 quen
355 3384 603 3463 promeruerant
636 3377 784 3455 reddens,
807 3382 842 3441 et
874 3376 916 3441 ab
950 3376 1001 3440 his
1025 3397 1106 3461 quos
1130 3375 1313 3442 offenderat

258 3479 428 3544 humiliter
450 3481 581 3544 veniam
606 3479 785 3566 postulone,
801 3501 847 3545 cre
850 3484 921 3544 tera
944 3499 1018 3593 quse
1040 3477 1191 3543 habuit'
1182 3499 1218 3542 ιιι
1234 3499 1311 3542 usus

257 3602 439 3666 pauperum
485 3581 641 3666 erogavit.
711 3578 923 3666 Presbyteros
961 3579 1061 3644 etiam
1100 3577 1313 3644 Eboraeensis
1326 3589 1467 3642 Thescone

258 3681 443 3746 civitatis
435 3703 472 3743 ιιι
475 3677 630 3765 capella
662 3701 722 3744 sus
754 3678 944 3765 congregari
983 3678 1129 3756 fecittot
1160 3677 1197 3742 in
1228 3700 1311 3796 prae·
1325 3653 1453 3786 ffisszlat

257 3783 365 3847 sentia
402 3783 550 3848 omnium
583 3783 672 3847 facta
705 3781 916 3857 confessione,
940 3784 974 3844 et
1007 3783 1162 3866 suscepta
1186 3781 1230 3846 ab
1263 3781 1311 3846 eis
1324 3786 1404 3836 York

256 3883 468 3960 absolutione,
484 3905 551 3948 non
566 3885 636 3947 sine
659 3903 779 3972 niagno
802 3883 907 3948 cordis
929 3881 1126 3948 contritione
1149 3887 1184 3946 et
1204 3881 1310 3968 lacry-

257 4003 385 4046 marum
417 3981 584 4060 effusione,
607 3982 814 4046 vestimentis
837 3981 905 4044 suis
940 3979 1151 4064 exspoliatus,
1182 3985 1217 4044 et
1239 3986 1310 4044 toto

256 4104 388 4169 corpore
419 4083 514 4147 humi
538 4088 730 4169 prostratae,
753 4105 773 4146 a
805 4081 944 4168 singulis
977 4081 1078 4146 etiam
1111 4080 1309 4166 corporalem

256 4184 439 4250 vindictam
460 4185 623 4248 sustinere
646 4184 780 4270 gavisus
802 4187 860 4248 est.

301 4285 474 4352 Crescente
498 4291 610 4352 utitem
641 4283 754 4350 inorbo
786 4285 826 4350 de
849 4284 902 4348 die
925 4285 961 4347 in
984 4283 1072 4350 diem
1095 4283 1200 4370 magis
1223 4284 1308 4348 vita·

255 4387 319 4451 lem
342 4386 514 4452 calorem
506 4408 541 4451 111
564 4409 598 4451 se
622 4387 759 4452 deficere
782 4385 936 4461 sentisne,
951 4389 1010 4452 vot
1011 4405 1068 4448 um
1084 4406 1181 4449 suum
1203 4383 1308 4452 adim-

254 4488 342 4572 plere
365 4487 563 4574 properavit.
611 4487 721 4574 igitur
740 4488 841 4551 rebus
871 4487 940 4550 suis
963 4507 1038 4571 quoe
1061 4487 1091 4550 ei
1115 4491 1308 4572 supererant
1321 4496 1426 4549 Ίιιιιιιι

254 4589 423 4667 ordinatis,
447 4593 481 4653 et
467 4589 657 4653 tournibus
680 4609 754 4674 quae
777 4589 819 4652 ad
844 4587 999 4652 saeculum
1024 4587 1193 4672 pertinent
1215 4587 1307 4652 abre·
1320 4565 1464 4681 ffiffffif‘

253 4713 324 4756 nun
326 4689 390 4756 tiat
391 4691 429 4764 is,
465 4689 507 4754 ad
542 4689 709 4776 quoddam
745 4688 903 4774 oppidum
936 4689 1086 4754 dioecesis
1119 4711 1196 4766 sure,
1219 4690 1306 4774 quod
1320 4697 1437 4746 monkat

252 4789 338 4857 Pons
361 4791 499 4857 Fructus
523 4795 666 4868 vocatur,
682 4810 803 4876 magna
818 4795 886 4854 tam
910 4788 1067 4855 laicorum
1091 4811 1189 4876 quam
1213 4789 1304 4857 cleri·
1320 4761 1476 4815 mmm

344 4901 433 4953 057⁵.
863 4923 865 4926 ·
1112 4918 1168 4965 Η,
