3410 5840
662 869 708 919 sr.
732 865 879 918 oswsun.
950 871 951 878 ¹
1236 851 1300 920 507

79 1065 197 1124 nemer,
295 1059 345 1122 12.
370 1057 503 1123 Mortuo
522 1056 719 1124 Eboraoeusi
743 1055 994 1142 archiepiscopo,
1011 1055 1203 1144 cogentibus
1225 1075 1301 1140 rege
1315 1061 1451 1114 orrares

80 1146 104 1196 p.
118 1135 159 1180 28.

90 2685 132 2730 30.

250 1159 380 1246 Edgaro
413 1165 448 1224 et
487 1157 609 1224 Sancto
646 1159 831 1235 numano,
864 1159 1077 1244 omniumque
1109 1157 1300 1222 clericorum
1315 1129 1472 1260 ffifflgffl

251 1282 395 1340 assensu,
419 1261 463 1325 ad
498 1259 816 1346 archiepiscopatum
851 1265 1041 1346 assumptus
1073 1265 1131 1324 est.
1193 1259 1237 1323 Et
1266 1285 1303 1322 ne
1317 1263 1447 1321 rorste-

251 1371 398 1438 monachi,
430 1385 511 1448 quos
540 1362 743 1439 instituerat,
766 1362 887 1448 aliqua,
917 1372 994 1426 ultra
1018 1389 1106 1442 quam
1129 1371 1203 1426 ferre
1226 1371 1304 1426 rale-
1318 1339 1475 1447 tiriffinoffmer,

194 1505 199 1516 .
251 1469 328 1528 rent,
345 1463 536 1534 temptatione
552 1465 784 1527 concuterentur,
801 1462 825 1516 si
848 1461 986 1534 pastorali
1003 1461 1072 1516 ctrra
1087 1460 1228 1528 destituti,
1245 1479 1303 1515 uon

251 1552 390 1608 haberent
422 1570 478 1624 quo
510 1543 742 1619 inniterentur,
777 1552 949 1607 securitate
986 1539 1100 1606 Sancti
1134 1541 1304 1606 Deustani

252 1643 434 1787 ῡρίῗςορέωε
459 1641 671 1787 Vlftigoruiansie
702 1659 801 1708 curam
829 1653 897 1698 una
923 1654 999 1698 oum
1021 1630 1305 1718 archiepiscopatu

254 1743 358 1788 80101
416 1743 512 1789 ΓΘΧΙ.

300 1826 349 1890 13.
372 1824 457 1890 Cum
475 1827 588 1889 autem
609 1823 761 1890 monachi
777 1823 968 1900 Rameseiae,
984 1823 1135 1910 episcopo
1151 1823 1305 1888 Oswaldo
1318 1823 1370 1874 nie
1383 1808 1455 1872 boae

254 1929 289 1991 in
323 1929 396 2014 ripa
430 1933 548 2000 stante,
572 1949 692 2014 aquam
726 1927 860 2013 navigio
892 1927 1033 1992 transire
1056 1925 1190 2004 vellent,
1224 1891 1477 2020 norisffiaiiffi

254 2039 344 2095 nimis
370 2044 488 2096 onerata
518 2041 612 2110 mergi
642 2039 740 2112 coepit.
809 2029 949 2094 Turbati
976 2029 1148 2106 monaehi,
1164 2035 1199 2094 et
1225 2029 1309 2094 mori

256 2137 441 2198 metuentes
474 2153 572 2218 opem
603 2132 709 2197 sancti
741 2131 911 2218 pontificis
943 2130 1186 2216 implorabant:
1221 2133 1308 2217 quod

257 2234 373 2300 videns
401 2234 543 2301 Sanctus
575 2235 707 2322 signum
731 2235 835 2300 crucis
858 2233 972 2312 edidit,
997 2238 1031 2298 et
1053 2243 1137 2299 navis
1164 2245 1201 2299 ab
1223 2263 1310 2316 nqua-

256 2352 322 2388 rum
337 2333 534 2406 profunditate
549 2351 709 2404 emergens,
726 2334 808 2405 quasi
823 2333 900 2388 nihil
922 2333 1017 2389 oneris
1033 2333 1129 2404 ferret,
1145 2324 1187 2390 ad
1204 2327 1310 2412 ripam

258 2435 412 2501 prospero
436 2423 521 2495 lapsu
544 2429 644 2480 erecte
667 2431 720 2478 est.

305 2507 355 2568 14.
373 2503 465 2569 'Cum
499 2501 587 2568 enim
618 2505 831 2570 nuntiaretur
854 2504 895 2580 ei,
917 2505 1082 2590 quendam
1113 2504 1311 2570 monaahum
1325 2507 1468 2627 {goffi-

90 2611 184 2676 lupe.
198 2615 246 2660 2⁹-
260 2605 425 2671 Elieusem
460 2605 503 2671 ab
534 2629 629 2692 opere
661 2607 804 2672 eeclesire
836 2615 1059 2686 precipitatum
1091 2617 1186 2672 subite
1219 2621 1312 2672 morte
1325 2644 1402 2694 mork
1415 2640 1446 2691 oi
1533 2673 1537 2678 .

260 2705 436 2770 occubuisse,
459 2695 649 2761 vehementi
682 2723 803 2762 maerore
834 2689 998 2762 turbatiur.
1059 2707 1189 2761 Noverat
1211 2697 1311 2761 enim¹
1326 2707 1474 2788 Iilyrrhois

261 2786 356 2850 illum
378 2813 439 2850 non
462 2811 666 2867 usquequaque
687 2793 778 2850 vitam
802 2795 917 2850 duxisse
941 2795 1066 2852 felicem.
1113 2785 1313 2852 Convocatis
1325 2777 1411 2827 med·

260 2882 373 2940 autem
395 2875 575 2940 Ralneseiae
599 2886 758 2952 monachis,
773 2885 817 2940 rei
839 2889 977 2940 eventum
1001 2875 1176 2954 1·etulit,et
1199 2883 1238 2940 ut
1261 2903 1314 2957 pro

262 2975 361 3030 anima
398 2974 528 3030 defuncti
564 2975 722 3029 Dominum
760 2974 917 3029 studiosius
955 2971 1097 3042 orarent,
1131 2965 1313 3032 admonuit.

262 3063 383 3135 Vigiliis
406 3054 510 3141 igitur
526 3061 657 3130 vacant,
681 3063 801 3138 psalmis
824 3061 859 3120 ot
882 3065 1057 3138 lachrymis;
1081 3060 1174 3120 etad
1194 3064 1316 3135 januam

263 3153 468 3209 misericordiae
493 3153 695 3225 Redemptoris
730 3145 871 3231 pulsant.
927 3145 979 3221 Et,
1003 3148 1096 3211 ecce!
1119 3152 1216 3211 nocte
1239 3168 1316 3232 qua·

264 3235 340 3300 dam
364 3234 514 3321 episeopo
538 3235 743 3300 orationibus
771 3235 948 3310 insistenti,
972 3244 1049 3299 idem
1073 3243 1226 3300 defunctus
1248 3245 1316 3300 risi-

264 3333 363 3388 biliter
385 3333 530 3406 apparuit,
548 3330 582 3390 et
603 3339 808 3406 percunctatus
830 3335 896 3405 quis
918 3339 1003 3402 esset,
1020 3334 1103 3388 illum
1127 3353 1157 3390 se
1174 3347 1242 3392 esse
1265 3353 1318 3408 pro

162 3439 164 3442 ·
265 3441 322 3494 quo
345 3423 439 3479 Deum
462 3421 645 3500 rogaverat,
656 3423 814 3495 respondit.
861 3423 903 3478 At
924 3423 976 3479 ille
999 3415 1184 3500 suspirans:
1210 3428 1227 3450 ‘⁴
1243 3425 1317 3494 Que-

312 3513 409 3578 liter‚'’
433 3514 539 3584 inquit,
564 3515 582 3538 ‘¹
600 3513 699 3578 frater,
723 3514 777 3568 tibi
808 3501 888 3578 fuit?
910 3514 958 3568 rel
980 3515 1105 3585 qualiter
1128 3532 1206 3570 nunc
1229 3516 1318 3571 ostf”

267 3605 286 3628 ‘⁶
313 3603 494 3667 Hactenus,”
523 3591 590 3668 ait,8
621 3604 640 3628 ‘⁶
657 3603 741 3658 valde
768 3604 854 3668 male,
885 3621 964 3656 nunc
994 3609 1091 3658 autem
1121 3605 1205 3660 raldo
1237 3605 1319 3660 bene.

268 3695 286 3716 ‘⁶
312 3692 381 3746 Tuis
402 3691 509 3764 quippe
532 3692 644 3748 meritis
668 3699 698 3747 et
720 3694 852 3764 precibus
876 3710 894 3746 a
920 3693 1015 3763 poeuis
1038 3693 1141 3763 quibus
1172 3695 1321 3750 cruciabar

268 3783 286 3806 ‘⁶
313 3799 364 3852 per
386 3781 523 3851 angelum
556 3782 646 3836 soum
680 3799 726 3837 rue
762 3781 809 3836 dis
840 3783 976 3836 hesterno
1006 3783 1114 3854 cripuit
1147 3775 1319 3838 Dominus.

269 3871 287 3895 “
313 3870 396 3938 Quod
416 3876 446 3925 ot
468 3871 522 3924 tibi
547 3871 722 3926 insinuando
737 3873 805 3926 reni
828 3872 937 3942 gratias
960 3887 1056 3940 agere,
1073 3867 1116 3937 et,
1134 3863 1234 3944 quam*
1256 3892 1321 3943 gra-

270 3961 287 3984 ‘⁴
313 3951 428 4015 tiosus⁶
451 3977 503 4032 pro
526 3959 581 4014 hoc
604 3966 634 4016 et
656 3961 722 4015 aliis
745 3959 811 4031 jure
834 3961 937 4016 debeas
961 3959 1022 4016 Deo
1045 3963 1168 4018 existere
1191 3955 1320 4029 moritu,

269 4051 288 4075 ‘⁶
314 4040 512 4106 insinuare.’'
558 4049 621 4118 Quo
644 4041 734 4106 dioto
755 4068 815 4104 non
838 4051 1009 4122 comparuit.

316 4134 367 4194 15.
390 4140 545 4194 Dioecesim
566 4157 648 4194 suam
663 4141 833 4211 opportunis
855 4141 1034 4211 temporibus
1056 4159 1223 4212 perngrens,
1240 4143 1321 4214 quid·
1335 4149 1437 4202 Osnald

270 4229 340 4300 quid
363 4220 478 4285 elicere
505 4235 619 4301 poterat
648 4229 680 4284 in
710 4229 838 4284 moribus
862 4247 979 4284 suorum
1002 4231 1100 4286 oculos
1130 4233 1235 4286 summi
1267 4233 1321 4288 Dei
1336 4216 1463 4266 (ΗΜΘΝ

271 4319 426 4384 offendero,
450 4325 571 4390 paterna
593 4319 783 4390 castigatione
806 4321 948 4392 corripere
971 4325 1058 4392 atquo
1081 4322 1225 4392 corrigere
1248 4327 1321 4378 sata-
1335 4282 1493 4400 ffifflffiffi

271 4409 365 4480 gebat.
404 4409 477 4464 Haeo
492 4413 628 4480 agentem
643 4409 769 4479 contigit
783 4410 846 4465 rice
862 4409 986 4481 (quadam
1002 4411 1113 4466 venisse
1137 4411 1256 4484 Ripum,
1272 4413 1323 4468 ubi
1336 4417 1363 4467 ol
1375 4414 1481 4468 wilfrid

308 4646 410 4716 1ιηίηι]
430 4651 484 4702 Not
501 4649 527 4700 iu
547 4650 624 4712 Text,
644 4651 691 4701 ian
709 4649 773 4701 from
858 4651 869 4683 ³
888 4651 940 4718 eil]
960 4667 1010 4702 orn.
1023 4653 1058 4703 A.

274 4732 301 4782 A
860 4730 869 4763 ⁴
888 4731 974 4798 wear]
994 4731 1047 4792 A.;
1065 4731 1192 4798 quonism,
1205 4733 1281 4786 Text.

217 4885 221 4890 Ι
302 4767 318 4845 ’π
328 4808 401 4877 sun]
421 4807 504 4870 suerit,
516 4808 550 4860 A.
859 4811 869 4842 ⁵
887 4811 1029 4877 pretiosus]
1049 4812 1194 4878 gratiosius,
1206 4815 1251 4866 A:
