3582 5798
647 923 807 973 sucronn
831 923 1005 972 sanusne.
1303 907 1343 967 51

281 1109 341 1173 illa
363 1109 438 1188 duo,
462 1133 566 1175 unum
589 1113 715 1178 scilicet
749 1113 838 1198 quod
868 1117 962 1177 muto
994 1111 1165 1196 loquelam,
1204 1110 1345 1176 alterum

287 1213 375 1296 quod
407 1213 524 1278 claudo
557 1214 686 1278 duobus
723 1214 849 1280 baculis
886 1213 1045 1278 innitenti
1076 1234 1232 1299 gressum,
1269 1216 1345 1296 post

287 1313 430 1378 multum
464 1317 621 1401 temporis
652 1339 674 1380 a
711 1316 764 1382 die
802 1316 1027 1381 translationis
1059 1337 1127 1380 suae
1164 1314 1344 1389 redditae

288 1417 376 1500 quod
408 1417 444 1480 in
482 1418 637 1482 notitiam
676 1423 822 1482 nostram
854 1422 1085 1502 pervenerunt,
1117 1416 1228 1481 tacitis
1260 1415 1342 1492 aliie,

287 1519 454 1604 scripsero,
481 1528 594 1584 utrum
630 1541 669 1584 ea
702 1520 877 1604 quisquam
912 1541 1031 1604 magno
1065 1519 1227 1604 suscipere
1261 1517 1345 1581 velit

287 1621 410 1706 ignoro.
460 1621 540 1686 Alia
562 1623 684 1707 quippe
708 1622 833 1708 majora
854 1643 953 1706 quam
988 1622 1098 1685 minus
1122 1621 1245 1684 usitata
1268 1641 1441 1694 eumrhose

287 1723 437 1808 superius
471 1725 585 1790 fecisse
618 1724 800 1801 retulimus
831 1729 866 1788 et
897 1724 972 1788 ideo
1004 1723 1083 1800 baec,
1106 1723 1184 1788 licet
1215 1745 1343 1808 magna,
1356 1711 1512 1828 ζξὲξὲθξῖθζῑ

287 1825 510 1910 superioribus
546 1831 659 1890 tamen
691 1847 757 1891 non
789 1825 996 1910 coaequanda,
1020 1825 1048 1888 si
1080 1835 1155 1910 post
1186 1825 1244 1888 illa
1269 1847 1342 1910 pro·
1355 1841 1501 1894 theauuor

286 1929 429 2006 ferimus,
454 1951 519 2014 quo
557 1951 597 1994 ea
614 1929 741 2013 judicio
764 1929 821 2013 qui
844 1926 1003 1992 audient¹
1026 1927 1214 1992 examinare
1238 1910 1477 2028 11111111ἒξῗ1ζξζζὲ

287 2033 483 2117 ignoramus.
530 2031 768 2098 Verumtamen
791 2033 864 2096 istis
887 2037 921 2096 et
943 2032 1016 2096 aliis
1039 2053 1139 2116 penes
1159 2031 1476 2115 sepulcrumdeseribe.

288 2133 360 2218 ejus
383 2133 557 2198 Divinitus
580 2133 664 2199 actis
687 2139 722 2198 et
744 2133 932 2198 futurorum
955 2133 1085 2198 notitiae
1101 2133 1170 2197 stili
1187 2132 1343 2218 indagine

289 2255 418 2320 quoque
458 2236 554 2301 modo
593 2236 778 2322 propositis,
817 2236 898 2300 alias
936 2236 1050 2299 stilum
1088 2241 1215 2300 vertere
1253 2235 1343 2312 libet,

289 2339 429 2403 scribere
452 2337 629 2403 videlicet2
651 2338 731 2422 quid
763 2337 838 2401 miri
872 2339 977 2422 operis
1010 2337 1106 2423 longe
1140 2361 1160 2402 a
1191 2338 1243 2402 sui
1275 2355 1483 2404 cor-Hetakes

289 2442 377 2527 poris
411 2443 490 2518 loco,
514 2441 585 2526 ejus
608 2441 735 2506 meritis
759 2441 1066 2519 intervenientibus,
1091 2441 1217 2505 Divina
1239 2441 1344 2526 pietas
1356 2423 1511 2538 ffiltgffig‘

289 2544 415 2629 operari
439 2545 577 2630 dignata
599 2544 651 2608 sit.
1499 2526 1504 2538 ⁸

337 2649 365 2710 6.
390 2645 549 2730 Superius
586 2667 663 2730 ergo
698 2666 772 2709 cum
807 2645 843 2708 in
875 2645 954 2709 vitae
985 2645 1089 2729 ipsius
1125 2645 1343 2730 descriptione
1359 2659 1497 2710 Amiracle

289 2748 494 2825 tenebamur,
508 2747 665 2811 'diximus
689 2746 780 2831 quali
803 2747 901 2811 modo
932 2769 990 2832 per
1012 2769 1087 2810 eum
1111 2747 1202 2832 apud
1225 2747 1343 2812 Rama·
1357 2726 1510 2791 atRamsey.

291 2849 394 2914 seiam
416 2850 462 2913 sit
496 2849 655 2914 instituta
686 2848 851 2913 habitatio
884 2847 1128 2914 monachorum.
1191 2849 1243 2912 Ex
1278 2872 1343 2934 quo

290 2951 380 3017 locus
404 2951 468 3028 ille,
485 2949 587 3016 oum³
608 2951 687 3036 quia
701 2973 722 3014 a
745 2956 839 3017 tanto
862 2951 1017 3036 pontifice
1049 2951 1170 3036 saepius
1193 2951 1343 3036 frequen-

291 3054 435 3133 tabatur,
466 3059 540 3144 tum
571 3053 650 3137 quia
684 3053 721 3116 in
755 3075 793 3117 eo
825 3053 867 3118 ab
899 3053 952 3116 his
984 3075 1066 3138 quos
1107 3052 1155 3118 ibi
1188 3059 1343 3138 posuerat

290 3157 441 3242 religiose
484 3155 671 3232 vivebatur,
707 3177 727 3218 a
758 3155 1094 3220 circummanentibus
1128 3155 1342 3241 frequentari,

292 3259 450 3334 venerari,
473 3263 509 3322 et
538 3257 650 3343 magni
676 3257 778 3342 coepit
804 3257 927 3322 haberi.
973 3257 1072 3322 Unde
1102 3258 1180 3324 licet
1210 3257 1342 3323 solenne

291 3362 392 3426 fuerit
425 3361 591 3425 intereos
620 3359 688 3424 fere
712 3361 860 3445 quotidie
894 3360 972 3426 illuc
995 3360 1107 3425 orandi
1133 3360 1244 3426 studio
1267 3383 1342 3425 con-

293 3464 409 3540 volare,
434 3464 643 3549 potissimum
676 3467 788 3528 temen
810 3463 845 3528 id
870 3463 1014 3549 agebant
1036 3464 1072 3528 in
1095 3463 1342 3528 Dominieorum

291 3567 419 3631 dierum
442 3565 694 3642 festivitatibus,
719 3570 753 3629 et
776 3567 811 3629 in
834 3565 908 3630 aliis
932 3565 1128 3631 Sanctorum
1152 3565 1342 3630 solennibus

291 3667 393 3732 festis.
440 3667 529 3731 Hinc
559 3666 681 3732 accidit
704 3666 846 3751 quadam
862 3667 934 3732 vice
958 3672 996 3731 ut
1018 3668 1130 3753 gratia·
1148 3667 1342 3732 festivitatis

292 3769 387 3833 Beati
419 3767 567 3832 Oswaldi
600 3767 774 3844 invitante,
809 3767 878 3833 illio
916 3769 1022 3832 omnis
1059 3790 1158 3832 sexus
1188 3774 1223 3832 et
1260 3775 1341 3832 aetas

291 3871 441 3936 adunata
478 3869 729 3934 multitudinem
767 3870 883 3956 populi
921 3869 1173 3934 innumerabilis
1211 3871 1341 3935 faceret.

293 3975 435 4071 Quidam
461 3983 573 4043 autem
604 3978 708 4062 ipsius
738 3978 880 4043 coenobii
903 3977 1082 4042 monachus
1106 3979 1213 4042 canori
1237 3979 1343 4042 ulcere
1356 3993 1506 4054 Eauwaker,

292 4078 328 4141 in
354 4079 491 4144 maxilla
506 4102 688 4165 percussus,
710 4080 792 4144 alios
815 4102 928 4145 omnes
958 4101 1000 4144 ex
1027 4080 1174 4145 fraterna
1195 4061 1504 4191 compos-fflff

292 4181 382 4245 sione
406 4183 502 4268 gravi
536 4184 685 4248 moeroris
708 4182 838 4269 flagello
871 4188 1102 4267 prostraverat.
1150 4183 1231 4248 Erat
1254 4185 1341 4247 enim
1356 4193 1402 4242 has
1415 4207 1442 4243 α’
1468 4163 1475 4189 '

291 4282 394 4350 frater
427 4285 516 4350 idem
552 4287 751 4351 monasterio
781 4285 879 4350 valde
921 4285 1024 4362 utilis,
1063 4287 1210 4352 moribus
1241 4261 1483 4378 11111111,ξξζξᾞξζέιι

292 4387 424 4472 eloquio
446 4388 563 4465 dulcis,
587 4388 835 4453 conversatione
858 4389 979 4466 suavis,
1004 4395 1038 4454 et
1053 4388 1243 4454 humilitate
1266 4392 1342 4455 sub·

291 4487 400 4566 limis;
440 4491 483 4555 ad
521 4491 601 4567 haec,
634 4491 778 4576 prudens
821 4496 856 4555 et
890 4491 1011 4556 habilis
1053 4493 1089 4555 in
1128 4493 1343 4579 dispositione

292 4593 574 4658 monasterialium
598 4593 788 4673 officiorum,
804 4615 927 4680 gnarus
950 4599 985 4658 et
1007 4594 1103 4680 agilis
1127 4596 1163 4659 in
1185 4596 1343 4661 adminis-

323 4795 331 4828 ¹
349 4795 463 4863 audiere]
484 4797 598 4856 audiant,
609 4797 640 4849 B.
874 4799 970 4865 ³cum]
990 4806 1051 4863 tum,
1062 4801 1093 4851 13.

322 4875 334 4908 2
351 4873 482 4942 videlicet]
502 4876 696 4942 scilicetne.

1142 4963 1211 5025 nn
