3582 5798
665 957 826 1008 ,ruoroau
849 959 987 1008 sarira.
1316 946 1358 1007 83

307 1147 426 1209 turam.
486 1152 552 1207 Hoc
574 1151 716 1224 templum
739 1159 807 1208 ante
836 1159 951 1224 tempus
976 1153 1060 1208 Beati
1083 1151 1209 1208 Oswaldi
1238 1161 1361 1228 magna

308 1266 351 1309 ex
372 1248 467 1330 parte
489 1245 639 1310 dirutum
671 1267 692 1312 a
714 1244 837 1332 populo
867 1245 1016 1323 barbare,
1038 1265 1106 1310 non
1132 1244 1357 1310 sanctuarium

308 1344 452 1411 Domino
489 1345 547 1411 sed
584 1347 774 1433 speluncam
816 1345 963 1433 praebu'it
1000 1345 1128 1414 latibul’
1166 1347 1357 1412 bestiarum.

308 1455 405 1528 Hujus
427 1453 533 1535 saepta
554 1458 601 1512 vir
622 1458 677 1514 Dei
700 1458 876 1524 subintrans,
900 1449 1030 1536 virgam
1053 1448 1250 1535 vigilantem
1272 1449 1357 1536 seip-

307 1571 381 1614 sum
408 1549 570 1630 exhibuit,
593 1561 626 1616 in
652 1561 831 1617 orationibus
861 1551 997 1638 pervigil
1027 1556 1124 1618 nocte
1154 1551 1220 1616 illa.
1290 1561 1358 1616 Illic

306 1679 376 1732 ergo
398 1662 507 1719 Divina
528 1663 705 1719 revelatione
727 1663 831 1719 didicit
854 1653 963 1720 locum
984 1653 1080 1718 illum
1102 1653 1233 1720 exuviis
1256 1652 1358 1718 Sano-
1370 1679 1509 1731 Andfindr

306 1760 416 1820 torum
453 1757 512 1841 qui
546 1756 748 1822 dormierant
785 1757 832 1821 ibi
866 1756 1088 1822 venerabilem
1124 1777 1163 1822 ac
1196 1761 1356 1832 sanctum,
1369 1747 1502 1864 {i‘oe'ffffiss

307 1881 404 1945 quem
427 1859 603 1946 diligenter
624 1860 838 1946 investigans,
860 1859 997 1925 uomina
1019 1859 1120 1924 etiam
1150 1859 1354 1946 singulorum
1367 1878 1454 1931 saints

306 1961 497 2046 praescripta
526 1961 663 2026 invenit.
724 1970 813 2026 Facto
835 1988 922 2026 mane
944 1987 1010 2026 suos
1033 1975 1181 2036 convocat,
1213 1959 1355 2026 referens
1367 1947 1450 2060 ⁰ft¹¹⁰

305 2051 353 2114 eis
375 2050 457 2135 quid
479 2057 655 2137 acceperat.
701 2059 750 2115 Ad
768 2059 882 2130 jussum
904 2051 1017 2136 itaque
1039 2059 1186 2132 pontificis
1208 2027 1449 2116 semirotae¹²⁸⁰⁹'

305 2149 433 2205 ecclesias
465 2149 665 2222 pavimentum
696 2149 842 2216 effoditur,
875 2149 1032 2221 promissus
1068 2149 1220 2206 thesaurus
1257 2155 1357 2204 sancto

306 2238 472 2295 curiositate
494 2239 696 2312 investigatur,
714 2239 942 2312 Sanctorumque
965 2257 1084 2312 corpora
1099 2258 1165 2296 cum
1180 2239 1279 2295 tabula
1294 2239 1357 2296 liaeo

306 2328 474 2385 continente
495 2329 688 2401 reperiuntur.

351 2418 409 2474 Hic
430 2407 599 2491 requiescit1
620 2418 774 2496 Williidns
796 2419 917 2474 antistes
939 2417 1137 2484 Eboracensis,
1154 2423 1184 2474 et
1205 2417 1356 2474 reverendi
1369 2418 1446 2498 Tbeir

306 2507 422 2564 abssas
452 2495 607 2574 eilbertus,
632 2508 792 2575 sosarnus,
816 2507 964 2574 naerens,
997 2506 1141 2580 sigrium,
1174 2485 1476 2579 acquewi1-⁰P¹l²1³¹¹·

306 2597 405 2653 denus.

350 2677 449 2744 Unde
472 2705 571 2744 servus
593 2687 648 2745 Dei
671 2687 800 2759 gaudens
822 2687 981 2760 hilarisque
1002 2688 1132 2753 effectus,
1147 2692 1276 2760 repertas
1290 2687 1357 2742 reli·

209 2796 216 2808 ·
308 2775 390 2848 quiae
415 2777 478 2834 looo
508 2783 576 2850 apto
606 2778 768 2834 collocavit.
830 2778 1020 2836 Postmodum
1043 2795 1112 2834 vcro
1134 2793 1239 2849 corpus
1261 2767 1358 2833 Beati
1370 2789 1516 2839 irmlatea

307 2865 446 2933 wilfridi,
463 2868 569 2924 feretro
592 2867 798 2924 convenienter
813 2872 923 2940 aptato,
946 2867 979 2923 in
1002 2885 1036 2924 eo
1059 2885 1166 2938 magna
1188 2884 1256 2922 oum
1277 2884 1357 2922 reve·
1369 2855 1501 2934 lh0b9¹¹²⁸

304 2956 400 3011 nentia
421 2956 562 3022 condidit,
583 2961 683 3029 utpote
713 2975 799 3030 quem
828 2975 935 3029 magno
958 2956 1094 3014 Wilfrido
1124 2955 1272 3011 fundatori
1302 2921 1473 3038 lomim}

306 3044 397 3116 ipsius
419 3045 672 3118 consanguinitate
691 3045 827 3116 junctum
849 3053 981 3112 noverat,
1005 3036 1141 3122 ejusque
1171 3045 1204 3100 in
1226 3045 1358 3116 regimen

306 3135 493 3192 Eboraeenais
507 3135 635 3193 ecclesias
656 3153 857 3202 successorem,
873 3137 949 3192 sicut
963 3134 1145 3193 Venerabilis
1168 3135 1247 3191 Beda
1268 3153 1357 3206 prope

306 3223 394 3280 finem
416 3225 556 3281 Historiae
579 3225 676 3298 gentis
697 3225 863 3296 Anglorum
884 3216 1005 3281 referre
1025 3215 1214 3280 dinoscitur.
1261 3215 1357 3279 Erat-

307 3325 370 3389 que
393 3306 479 3371 siout
501 3327 632 3371 consors
658 3305 811 3383 nominis,
834 3305 884 3372 ita
913 3311 948 3371 et
970 3305 1157 3370 sanctitatis
1188 3305 1259 3390 ejus
1282 3304 1356 3368 imi-

306 3399 397 3459 tator
418 3395 567 3460 eximius.
614 3403 726 3476 Corpus
748 3401 860 3460 autem
884 3403 964 3459 illius
985 3402 1104 3474 majoris
1122 3403 1262 3468 wilfridi,
1280 3403 1357 3474 quod
1370 3409 1494 3461 Theseos

305 3497 447 3548 semotum
470 3494 506 3549 ab
527 3493 593 3548 aliis
615 3493 648 3548 in
670 3484 785 3550 eadem
807 3493 928 3550 ecclesia
948 3495 1079 3550 tumbam
1101 3493 1251 3558 habuerat,
1273 3487 1357 3548 tem-
1370 3476 1475 3554 wilfrid

305 3573 439 3658 poribus
462 3574 559 3640 Beati
583 3573 708 3640 Odonis
730 3573 976 3660 archiepiscopi,
998 3575 1093 3660 cujus
1114 3595 1216 3660 supra
1239 3545 1517 3662 nemi-fflffl

303 3663 423 3741 nimus,
453 3673 628 3728 translatum
658 3673 754 3728 fuerat
785 3672 980 3728 Cantnariam.
1041 3663 1135 3728 Fecit
1165 3673 1272 3728 Beatus
1299 3670 1352 3726 Os·
1365 3675 1510 3728 tonanter-

304 3761 414 3816 waldus
445 3758 480 3818 et
512 3753 604 3818 aliud
636 3762 785 3828 feretrum,
809 3753 897 3838 quod
928 3754 1013 3818 mira
1043 3752 1108 3817 Dei
1138 3751 1352 3837 dispositione
1365 3743 1430 3858 ¹33¹!
1441 3745 1476 3810 by
1587 3809 1597 3829 ,

304 3847 471 3907 servatum
494 3849 545 3908 est
569 3841 755 3930 wigorniae,
778 3847 878 3928 atque
901 3851 993 3924 ipsius
1010 3851 1142 3922 reliqniae
1164 3855 1230 3922 post
1245 3849 1352 3904 multos
1380 3879 1382 3886 ,
1408 3825 1431 3859 ⁰'

304 3959 395 3996 annos
416 3940 449 3997 in
472 3959 505 3998 co
528 3947 598 3997 sunt
620 3941 777 3998 collocatae.

496 4213 666 4298 Quomodo
688 4211 838 4280 nemesii
860 4232 985 4298 equam
1000 4209 1165 4296 jumento,

349 4379 416 4446 Sed
437 4380 637 4448 narrationis
667 4379 784 4444 seriem
814 4382 1008 4463 repetamus.
1071 4375 1242 4440 Habentes
1264 4373 1353 4438 euim

305 4509 347 4552 ex
369 4486 519 4572 hisquae
542 4487 632 4552 diota
656 4490 736 4551 sunt
757 4484 838 4570 quid
862 4483 1027 4561 miremur,
1049 4481 1229 4547 habeamus
1252 4481 1353 4546 etiam

304 4596 339 4656 et
371 4589 452 4674 quid
483 4589 661 4666 imitemur,
686 4587 842 4674 quoniam
874 4586 1031 4672 utrinque
1062 4584 1157 4650 nobis
1188 4584 1354 4672 profectus

304 4696 355 4758 est
390 4693 418 4756 si
455 4691 653 4758 Sanctorum
691 4689 896 4780 gratulemur
927 4689 1063 4766 meritis,
1098 4689 1127 4752 si
1159 4707 1355 4774 occupemur

581 4896 588 4929 ¹
606 4897 716 4948 Iladmer
726 4895 817 4946 inserts
828 4893 870 4946 dre
882 4897 951 4946 word
965 4897 1079 4946 Sanctus.

1151 4963 1215 5024 ri
