3410 5840
570 929 751 979 mancum
774 931 799 982 s.
824 931 1004 978 mmmmm.
1245 917 1309 982 539

252 1113 355 1198 juxta
377 1113 551 1191 Yarmutlr,
574 1115 707 1180 nomine
730 1115 847 1194 Alicio,
872 1137 946 1202 quae
969 1117 1006 1182 in
1038 1117 1191 1202 plurimis
1215 1118 1311 1182 annis

256 1217 431 1283 transactis
454 1221 561 1282 totam
584 1239 720 1282 manum
743 1238 819 1282 cum
855 1218 991 1284 brachio
1026 1219 1146 1283 habuit
1168 1219 1204 1282 in
1236 1226 1311 1284 tan·

256 1323 328 1382 tum
360 1319 586 1405 paralyticam,
619 1319 707 1404 quod
739 1319 776 1382 in
811 1319 857 1384 eis
890 1341 951 1386 nec
989 1327 1061 1385 eret
1099 1343 1212 1385 sensus
1250 1341 1311 1386 nec

255 1425 364 1484 motus
387 1421 602 1486 voluntarius.
660 1421 742 1501 Quae
766 1442 841 1487 cum
864 1427 960 1488 nocte
983 1421 1044 1488 illa
1078 1423 1120 1487 ad
1143 1423 1310 1488 tumulum

255 1521 359 1605 ipsius
382 1522 496 1588 Sancti
520 1522 673 1587 sanitatis
705 1523 815 1608 gratia
849 1524 1081 1609 recuperandae
1107 1525 1310 1589 orationibus

256 1628 291 1688 et
315 1623 437 1710 vigiliis
469 1624 633 1688 instanter
656 1630 811 1702 vacasset,
835 1625 872 1688 in
904 1626 1071 1710 sequentis
1095 1627 1161 1690 diei
1195 1647 1313 1692 aurora

257 1745 353 1808 sopor
374 1725 522 1791 modicus
545 1747 617 1790 eam
632 1724 783 1811 arripuit.
830 1726 904 1806 Quo
928 1725 1014 1792 elato
1030 1749 1153 1814 sopore,
1177 1749 1311 1793 manum

256 1826 362 1910 ipsam
384 1847 460 1892 cum
482 1826 824 1894 brachio'mirabatur
847 1827 997 1914 pristinae
1019 1829 1211 1894 restitutam
1235 1830 1312 1894 sub-

256 1928 305 1993 ito
328 1929 474 2006 sanitati,
498 1929 540 1994 ad
563 1927 695 1993 laudem
718 1933 753 1994 et
775 1927 915 2014 gloriam
937 1930 1082 1994 nominis
1105 1931 1177 1996 Dei.

303 2029 353 2100 37.
379 2031 439 2094 Vir
473 2031 619 2117 quidam,
653 2029 850 2116 Radulphus
883 2032 1027 2108 nomine,
1050 2033 1236 2118 appellatus
1272 2033 1313 2098 da
1327 2043 1424 2118 Amarr

258 2151 337 2216 pace
351 2132 477 2197 domini
498 2133 584 2219 regis
606 2131 720 2209 fracta,
743 2132 852 2198 vietus
874 2132 911 2196 in
934 2131 1052 2210 duell0,
1076 2139 1110 2198 et
1132 2133 1174 2198 ab
1197 2133 1313 2199 adver·
1326 2107 1482 2235 pppqpperpu

259 2234 344 2298 sario
367 2255 433 2310 suo,
458 2233 581 2318 Besing
612 2234 753 2311 nomine,
776 2231 843 2298 fuit
875 2235 1068 2300 exoculatus
1100 2257 1167 2300 uno
1199 2235 1424 2315 murmuratis

259 2334 324 2402 alio
348 2335 440 2400 oculo
464 2334 530 2400 fuit
553 2333 745 2400 exoculatus
777 2334 988 2421 postmodum
1020 2331 1100 2422 quia
1131 2337 1240 2402 victus
1262 2338 1313 2402 fu-
1326 2319 1450 2424 ξξξῇῗξο

259 2442 338 2502 erat.
385 2435 541 2514 ,Traditus
564 2435 631 2500 fuit
654 2437 823 2502 executori
842 2436 995 2522 justitiae,
1020 2439 1078 2524 qui
1112 2440 1215 2504 alium
1239 2460 1314 2506 ocu·
1327 2436 1388 2488 him.

259 2540 329 2604 lum
354 2541 510 2618 extraxit,
534 2545 569 2605 et
591 2540 727 2625 quidam
754 2541 873 2627 garcio,
897 2543 1031 2608 nomine
1065 2543 1176 2630 Hugo,
1199 2545 1313 2610 ambos

161 2694 164 2704 .
260 2641 370 2708 oculos
393 2647 559 2708 extractos
582 2641 759 2728 recollegit,
783 2647 818 2708 et
847 2643 997 2728 portavit
1031 2644 1067 2708 in
1101 2667 1203 2710 manu
1236 2665 1317 2726 sua;

261 2750 296 2808 et
317 2744 446 2829 aliquot
468 2745 583 2808 diebus
607 2742 735 2828 elapsis
758 2743 845 2808 idem
869 2744 1073 2832 Radulphus,
1095 2748 1251 2813 accedens
1274 2749 1317 2813 ad

260 2845 412 2912 tumbam
444 2845 540 2910 Beati
564 2843 733 2923 Willelmi,
757 2843 853 2912 factis
882 2846 1022 2932 jejuniis
1045 2857 1079 2913 et
1103 2849 1317 2928 orationibus,

150 2939 152 2944 ’
260 2947 469 3033 recuperavit
507 2947 589 3012 duos
627 2946 709 3010 alios
748 2947 857 3013 oculos
895 2948 1037 3014 minores
1075 2952 1248 3036 prioribus
1283 2957 1317 3016 et

261 3051 372 3114 visum
404 3049 529 3115 clarum
563 3052 597 3112 et
628 3049 773 3124 acutum,
807 3049 866 3112 sed
897 3049 1023 3134 priores
1057 3052 1167 3116 oculos
1197 3051 1317 3117 habuit

262 3151 401 3218 alterius
421 3149 548 3227 coloris,
572 3147 697 3213 seilicet
720 3147 808 3213 vitro
832 3149 965 3216 similes.

307 3257 358 3318 38,
384 3249 469 3317 Cum
508 3251 651 3316 Sanetus
683 3245 871 3315 Willelmus
906 3252 1029 3318 rediret
1066 3254 1109 3318 ab
1142 3255 1243 3322 exilio
1274 3258 1317 3321 ad
1331 3267 1387 3319 The
1398 3271 1489 3319 break-

262 3352 431 3421 ecclasiam
469 3373 563 3417 suam
601 3350 840 3416 Eboracensem
873 3372 948 3418 cum
986 3355 1132 3422 maxime
1164 3357 1251 3423 clero
1284 3335 1461 3452 etfflssoffln

262 3455 393 3542 populo,
417 3458 451 3519 et
473 3452 619 3518 venisset
641 3451 684 3517 ad
717 3458 853 3536 pontem
877 3453 966 3536 Usae,
990 3463 1025 3521 et
1048 3479 1160 3524 omnes
1183 3461 1319 3525 transis·
1332 3467 1428 3533 burge.

263 3563 337 3623 sent
359 3561 495 3643 pontem
518 3577 593 3622 cum
617 3553 740 3619 Sancto
764 3552 932 3621 Willelmo
955 3559 1083 3642 equites
1108 3565 1142 3624 et
1173 3561 1320 3644 pedites3

262 3663 489 3744 pensantem,
513 3657 571 3741 qui
594 3660 666 3719 erat
687 3657 769 3719 tunc
790 3657 948 3741 temporis
982 3658 1121 3744 ligneae,
1145 3662 1264 3727 cecidit
1286 3667 1321 3726 et

263 3758 450 3824 confractus
477 3763 528 3822 est
558 3777 626 3841 prm
649 3752 867 3820 multitudine
900 3761 974 3822 tum
997 3762 1215 3844 sequentium,
1245 3763 1320 3827 nul-

263 3859 381 3944 lusque
408 3857 485 3922 inde
508 3858 606 3922 laesus
642 3857 692 3918 est
714 3852 780 3916 nisi
813 3857 903 3938 quod
934 3858 1019 3924 tibia
1050 3863 1220 3946 cujusdam
1244 3866 1319 3949 eqni

265 3961 370 4026 fracta
392 3958 465 4024 suit.
514 3958 637 4023 Omnes
659 3958 773 4020 autem
797 3955 855 4038 qui
886 3957 935 4022 ibi
958 3959 1098 4026 aderant
1120 3963 1183 4030 hoc
1213 3965 1320 4029 maxi-

264 4085 357 4128 mum
378 4059 575 4126 miraculum
609 4061 644 4123 et
677 4055 838 4120 virtutem
866 4080 925 4144 per
957 4062 1076 4128 merita
1099 4063 1214 4130 Sancti
1237 4065 1319 4130 Wil-

264 4163 356 4230 lelmi
379 4161 623 4228 intellexerunt.

312 4269 364 4332 39.
390 4264 531 4344 Quidam
555 4263 653 4329 homo
677 4265 828 4352 simplex,
851 4263 934 4331 civis
951 4263 1171 4344 Eboracensis,
1196 4268 1319 4335 Rober-
1334 4278 1414 4330 Cures

266 4373 323 4434 tus
340 4365 381 4432 do
404 4363 517 4430 Lewes
540 4366 683 4442 nomine,
698 4364 844 4433 frustum
859 4367 1012 4434 caementi
1028 4366 1123 4433 fracti
1148 4369 1188 4435 de
1203 4373 1321 4439 tumba
1333 4347 1489 4416 muffh‘by

267 4469 364 4534 Beati
387 4466 548 4532 Willelmi
574 4467 724 4554 fregerat,
750 4475 784 4534 et
815 4469 859 4535 ad
892 4467 1027 4532 domum
1061 4490 1155 4536 suam
1187 4415 1473 4560 propteriiiinuiiliile

267 4570 496 4636 infirmitatem
534 4571 647 4636 uxoris
685 4591 763 4647 suae,
801 4591 876 4655 quae
913 4571 1104 4656 agrotabat,
1135 4573 1321 4659 deportans,
1334 4547 1415 4660 iffi

268 4695 344 4740 cum
367 4671 568 4738 ascendisset
590 4676 725 4758 pontem
749 4671 837 4750 Usae,
860 4673 1012 4758 aperiens
1034 4694 1169 4739 manum
1192 4676 1322 4744 invenit
1334 4677 1451 4730 becomes

269 4775 359 4842 idem
382 4779 579 4842 caementum
605 4793 799 4841 conversum
822 4773 859 4838 in
891 4795 1018 4860 panem.
1066 4745 1419 4865 Obstupefactusbreau.
