3606 5798
406 875 471 939 240
615 889 746 940 naman
770 887 864 938 raon
889 886 1109 938 anonmsnor
1132 883 1248 938 assas
1345 961 1347 965 Ι

405 1077 494 1142 niret
517 1075 575 1142 ubi
598 1075 848 1142 cantuariensis
866 1074 1010 1160 juberet.
1055 1072 1134 1140 Non
1156 1078 1208 1140 est
1229 1075 1333 1160 igitur
1362 1075 1466 1143 aocla-

407 1181 529 1246 manda
551 1178 729 1265 parilitatis
751 1177 932 1265 aequalitas,
947 1179 1006 1244 ubi
1029 1183 1185 1264 tempore,
1207 1178 1363 1263 primatu,
1378 1199 1464 1256 cura,

408 1288 443 1348 et
466 1281 623 1347 beneficio
645 1285 754 1346 totum
773 1281 849 1366 jura
871 1281 1022 1347 vindieat
1043 1279 1180 1346 alterius
1203 1285 1238 1345 et
1260 1279 1408 1358 facultas,
1430 1287 1465 1346 et

411 1384 618 1449 investiturae
641 1381 772 1448 illibata
806 1381 1009 1447 diuturnitas
1021 1405 1029 1460 ;
1062 1386 1106 1459 et,
1128 1381 1165 1444 ni
1188 1380 1291 1459 fallor,
1314 1403 1375 1446 nec
1398 1381 1465 1448 his-

411 1489 504 1566 toria,
527 1508 588 1552 nec
618 1485 776 1550 memoria
805 1489 922 1550 tenent
945 1485 1165 1550 Eboracenses
1200 1483 1288 1570 quod
1311 1485 1464 1550 omnibus

407 1590 460 1656 his
482 1590 704 1658 contradicere
726 1588 868 1654 valeant.

234 1706 288 1756 'rte
298 1704 370 1770 pride
452 1692 550 1760 Unde
574 1691 775 1758 Christianis
796 1691 932 1756 auribus
964 1691 1046 1756 satis
1079 1689 1194 1776 liquet,
1217 1688 1311 1774 cujus
1334 1690 1465 1756 temeri·

233 1771 379 1889 }issffffl'
406 1795 486 1861 tatis
508 1794 646 1862 audacia
669 1798 720 1858 est
741 1793 841 1859 matri
856 1793 960 1858 filiam
975 1792 1060 1857 velle
1082 1791 1248 1870 rebellare,
1264 1791 1358 1878 cujus
1381 1814 1464 1857 sem-

233 1906 314 1958 York.
405 1919 463 1983 per
486 1897 670 1964 ministerio
692 1895 860 1982 religionis
881 1915 963 1977 ,suoe
997 1895 1048 1962 lac
1082 1895 1224 1981 sumpsit
1257 1900 1292 1960 et
1312 1896 1462 1982 gratiam.

406 1998 553 2086 Superbo
575 2001 679 2086 igitur
699 1996 914 2064 Eboracensis
937 1996 1173 2064 cantuariensi
1195 1997 1390 2064 subtrahere
1412 1998 1462 2062 ni-

404 2103 498 2180 titur,
521 2102 610 2189 quod
632 2107 729 2168 tanto
762 2100 881 2167 merito
914 2100 1032 2187 priscae
1065 2099 1280 2186 subjectionis
1316 2100 1462 2166 debetur·

405 2213 501 2270 Grave
524 2212 613 2268 nimis
635 2217 689 2278 est,
714 2201 825 2288 inquit
848 2201 974 2268 Beatus
997 2202 1185 2288 (irrogarint,
1209 2215 1311 2268 contra
1332 2217 1464 2268 veterum

404 2320 489 2358 usum
513 2301 674 2358 sacerdotes
696 2299 753 2356 sibi
775 2299 932 2373 quiequam
965 2301 1101 2372 arripare.
1149 2299 1265 2372 Religio
1289 2299 1463 2358 Christiana

403 2391 536 2448 veritatis
558 2395 604 2447 sat
625 2390 722 2456 mallo,
742 2389 794 2445 ubi
816 2389 909 2456 decet,
932 2389 1085 2446 humiliter
1100 2387 1215 2460 subjici,
1232 2407 1319 2462 qnam
1342 2391 1464 2464 superba

404 2479 574 2552 majoribus,
597 2480 649 2536 ubi
670 2495 730 2535 non
753 2479 845 2546 deest,
869 2479 988 2555 aequari,

233 2589 374 2642 Theron
450 2572 538 2651 Fuit,
561 2573 727 2658 inquiunt,
750 2572 815 2638 ista
837 2571 998 2659 subjectio
1028 2572 1187 2658 quamdiu
1221 2571 1356 2638 ecclesia
1378 2570 1463 2636 Eho

232 2657 363 2774 {who
404 2676 546 2742 recensis
583 2673 650 2739 fuit
688 2673 758 2738 sine
789 2673 899 2760 pallio.
957 2673 1095 2752 Revera,
1130 2674 1275 2760 inquam,
1307 2674 1394 2740 sicut
1427 2675 1463 2738 in

233 2790 374 2854 subjectior
403 2777 572 2844 veteribus
595 2776 756 2844 chronicis
778 2775 962 2860 Anglorum
985 2777 1168 2854 invonitur,
1184 2781 1318 2842 centum
1340 2775 1463 2863 viginti

233 2857 390 2974 ffffloek
408 2881 554 2967 quinque
577 2879 673 2945 annis
700 2879 770 2943 sine
804 2876 906 2964 pallio
939 2877 1140 2964 perduravit
1187 2878 1266 2943 Non
1288 2879 1392 2966 igitur
1414 2883 1461 2944 te-

235 2990 295 3054 pau.
407 3005 496 3048 mere
530 2981 629 3048 debat
662 2979 873 3068 praetermitti
911 2981 998 3066 quod
1037 2985 1134 3047 tanto
1165 2985 1313 3066 tempore
1351 2981 1463 3066 potuit

234 3056 384 3187 diffide
407 3084 571 3164 obtineri;
604 3083 689 3148 etsi
724 3083 807 3147 adeo
840 3082 964 3150 meruit
997 3083 1133 3149 ecclesia
1166 3083 1381 3150 Eboracensis
1404 3105 1462 3169 per

236 3193 283 3239 12⁵
294 3203 376 3254 years.
407 3185 678 3252 Cantuarionsem
694 3183 843 3262 enutriri
860 3204 927 3249 non
950 3185 995 3249 sit
1010 3189 1122 3250 tamen
1138 3185 1271 3271 ingrata
1292 3182 1460 3263 beneficio,

405 3289 462 3354 sed
493 3309 531 3354 eo
563 3287 668 3373 magis
701 3285 838 3350 humilis
870 3292 905 3350 et
936 3286 1081 3352 obnoxia
1111 3292 1187 3372 post
1220 3287 1458 3353 incrementum

404 3391 524 3468 aetatis,
548 3388 728 3455 intendunt
746 3386 866 3474 jugulo
888 3389 1026 3465 matris;
1056 3395 1091 3455 et
1113 3389 1276 3455 Dominus
1299 3410 1358 3476 per
1381 3387 1459 3454 Pro-

401 3494 559 3580 phetam:
584 3490 700 3570 Filios,
723 3491 842 3577 inquit,
866 3491 1021 3558 enctrdot
1042 3498 1072 3558 ct
1087 3491 1242 3570 miloni,
1257 3491 1328 3578 ipsi
1343 3497 1459 3560 ootcm
1471 3486 1570 3552 Mt
1576 3485 1594 3539 i.
1604 3492 1632 3539 2·

401 3601 599 3682 maerent
621 3614 680 3660 roe.

234 3709 374 3790 praepar
449 3699 550 3765 Porro
572 3697 600 3762 si
622 3697 778 3763 restituto
800 3696 902 3783 pallio
924 3697 1135 3784 aliquatenus
1165 3701 1289 3767 meruit
1310 3722 1462 3780 crescere,

232 3777 393 3893 {Zfflffi
405 3823 471 3868 non
495 3807 608 3866 tamen
629 3800 711 3865 adeo
733 3804 773 3864 ut
806 3821 865 3886 per
895 3822 930 3866 se
952 3801 1064 3867 valeat
1094 3803 1243 3869 existere.
1290 3803 1461 3885 Quomodo

231 3909 548 3990 aheyheunonamquc
570 3901 843 3988 metropolitanus
858 3901 913 3967 vel
934 3901 1196 3991 archiepiscopus
1214 3905 1291 3992 jure
1313 3912 1459 3986 vocatur,

233 3975 381 4042 ΒΜ·
404 4005 459 4073 cui
481 4003 575 4069 nulla
609 4001 834 4089 episcoporum
865 4003 1037 4089 provincia
1068 4004 1293 4094 suffiagatur?
1337 4007 1459 4087 Habet,

401 4106 569 4192 inquiunt,
585 4103 893 4182 Lindisfamensem
909 4105 966 4190 qui
989 4112 1024 4171 et
1039 4105 1312 4187 Dunelmensem;
1335 4109 1460 4176 habent

404 4207 647 4293 Glesguensem.
702 4205 860 4291 Excepto,
882 4205 1029 4291 inquam,
1052 4207 1186 4274 interim
1210 4207 1272 4275 hoc
1295 4208 1460 4277 Norrnan-

403 4330 520 4374 norum
555 4313 722 4393 tempore3
759 4306 903 4373 fatemur
935 4307 1033 4393 plane
1067 4309 1146 4394 quia
1177 4315 1323 4397 ternpore
1359 4314 1459 4398 priori

402 4430 575 4496 nunquam
614 4408 830 4476 Eboracsnsis
868 4409 1133 4498 archiepiscopus
1173 4420 1235 4480 aut
1276 4415 1461 4481 Lindisiar·

403 4532 538 4576 nenssm
561 4511 805 4598 suffraganeum
837 4511 957 4578 habuit
990 4519 1051 4580 aut
1081 4513 1325 4602 Glesguensem.
1372 4515 1460 4583 Sane

402 4618 517 4685 dicant
539 4617 759 4684 Eboracenses
781 4639 880 4704 quem
905 4641 1054 4708 unquam
1084 4621 1350 4709 archiepiscopus
1372 4623 1460 4688 Ebo-

402 4721 544 4789 racensis
567 4721 755 4808 episcopum
770 4721 927 4803 instituit,
944 4746 1041 4810 quem
1065 4745 1211 4809 unquam
1234 4725 1270 4790 in
1292 4725 1462 4812 provincia
