3538 5800
259 1522 390 1613 VITA
428 1525 621 1615 SANOTI
658 1527 907 1620 OSWALDI
943 1531 1311 1625 llBORAOllNSIS

327 1671 746 1764 ARCHIEPISCOPI
774 1675 841 1764 ΕΤ
870 1676 1241 1774 conlasoeola

258 2079 391 2166 Incipit
413 2079 582 2168 Prolopae
610 2083 654 2148 ia
683 2083 765 2150 Vita
787 2083 908 2150 Sancti
941 2083 1089 2152 Oecoalda'
1119 2085 1309 2154 Eboracea·

615 2185 663 2252 aie
684 2183 937 2272 archiepiscopi.

302 2329 499 2397 SECUNDUM
523 2333 728 2419 propositum
758 2335 874 2420 gratiae
897 2333 960 2400 Dei
994 2335 1200 2401 venerandus
1224 2335 1308 2399 Eoo-

254 2435 396 2497 racensie
418 2435 559 2500 antistes
583 2435 767 2514 OswalduS,
790 2443 869 2501 ante
892 2437 1013 2502 saecula
1035 2460 1056 2502 a
1078 2437 1150 2502 Deo
1176 2437 1308 2514 electus,

256 2533 495 2619 ingenuilabem
518 2537 647 2622 generis
670 2537 731 2613 sui,
751 2558 816 2622 quo
838 2537 995 2602 nobiliier
1017 2539 1126 2604 editus
1150 2539 1186 2601 in
1209 2537 1309 2622 hujus

257 2637 371 2701 mundi
410 2637 516 2703 lucem
554 2639 719 2724 prooessit,
757 2639 911 2726 ingenuis
949 2639 1097 2704 moribus
1144 2639 1308 2716 imilebun,

257 2739 347 2802 viam
384 2739 465 2804 vilae
502 2740 673 2825 praesentis
711 2741 852 2805 incessit.
917 2739 1021 2827 Cujus
1052 2741 1185 2826 quidem
1216 2750 1309 2827 gesta
1322 2752 1445 2804 Oswud’e

257 2842 349 2906 vario
376 2841 579 2906 diversorum
611 2842 688 2906 etilo
722 2842 859 2928 digesta,
893 2863 958 2928 quo
996 2842 1238 2929 multipliciora,
1270 2863 1307 2906 eo
1320 2811 1421 2935 ἔξω

256 2943 375 3008 animis
398 2944 440 3008 ad
463 2942 570 3008 multa
592 2943 709 3009 divisis
731 2944 889 3008 videntur
922 2945 965 3009 ad
987 2943 1161 3030 legendum
1194 2966 1306 3009 onero·
1319 2951 1421 3030 ready

256 3043 348 3111 siora
394 3045 494 3111 Unde
517 3045 581 3110 iis1
604 3047 670 3131 qui,
694 3047 780 3112 sicul
803 3047 963 3113 veraciter
978 3047 1129 3125 creditur,
1153 3047 1246 3112 illum
1271 3019 1479 3134 inffvffsslffil'u‘

257 3146 318 3212 hac
339 3149 413 3212 vita
435 3169 503 3233 pree
527 3147 655 3213 caeteris
689 3149 847 3214 sincerius
882 3148 1036 3236 diliguni,
1071 3149 1204 3234 placuit,
1236 3155 1306 3214 tam

258 3270 352 3334 prece
375 3270 474 3333 quam
497 3254 670 3334 praecepto,
686 3271 738 3314 me
761 3249 881 3316 adhoc
903 3272 1106 3316 commovere
1119 3249 1149 3331 3²
1171 3256 1210 3316 ut
1232 3273 1307 3336 queo

257 3350 485 3436 multipliciter
510 3351 551 3414 de
574 3371 611 3414 eo
634 3351 758 3435 scripta
779 3357 866 3428 eunt,
890 3351 1117 3436 compendioso
1150 3373 1188 3417 aa
1220 3373 1307 3416 novo

256 3451 412 3515 narrandi
443 3450 520 3515 stilo
551 3451 733 3536 expediam.
780 3451 821 3514 ln
856 3473 921 3536 quo
952 3451 1060 3517 fateor
1090 3473 1157 3517 non
1189 3473 1307 3538 parum
1320 3468 1454 3518 aedmeri

257 3574 437 3639 expavesco
450 3549 480 3634 ;³
502 3552 660 3618 fatuitate
684 3553 806 3638 quippe
829 3553 987 3639 ingenioli
1010 3554 1075 3619 mei
1090 3575 1190 3640 penes
1205 3535 1473 3666 meip-mffi

257 3676 330 3718 eum
371 3655 582 3732 considerata
615 3675 730 3720 vereor
763 3677 805 3720 ne
836 3655 1027 3742 petentibus
1053 3656 1239 3722 satisfacere
1272 3657 1346 3720 init„

257 3755 328 3842 ipso
350 3779 447 3844 opere
469 3779 631 3842 nequeam
643 3779 652 3836 ;
685 3755 765 3841 quia
786 3757 853 3822 scio
876 3757 964 3842 quod
987 3758 1076 3823 hunc
1105 3779 1203 3844 quem
1228 3779 1309 3843 prae-

257 3859 350 3944 cipue
389 3863 503 3923 amani
540 3859 719 3924 lectissima
763 3859 886 3944 exponi
923 3860 1071 3924 oratione
1109 3859 1307 3924 desiderant.

257 3959 335 4024 Non
357 3981 470 4046 parere
485 3964 598 4025 aulem
613 3959 781 4025 volunlati
797 3959 928 4025 illorum
944 3960 1038 4025 nefas
1056 3959 1189 4046 judico;
1211 3958 1309 4025 cum⁴

255 4083 297 4126 ne
334 4062 398 4127 sibi
436 4061 650 4138 amicissime,
688 4061 814 4128 seilicet
850 4062 941 4138 maie,
979 4083 1031 4125 me
1070 4061 1155 4126 nolle
1192 4082 1304 4146 gerere

255 4184 387 4242 morem,
410 4171 483 4229 tum
505 4186 547 4229 ne
570 4164 649 4229 laesa
671 4163 872 4229 conscientia
887 4185 948 4228 aua
970 4184 1022 4228 me
1046 4184 1124 4250 erga
1146 4161 1306 4228 Sanctum

256 4264 320 4330 Dei
342 4265 471 4331 nullum
493 4265 614 4330 habere
637 4266 814 4352 opinentur
844 4286 999 4331 amorem.
1045 4265 1110 4330 His
1143 4264 1307 4350 angustiis

257 4373 389 4452 saeptus,
411 4367 496 4454 elegi
527 4367 638 4452 potius
660 4367 827 4432 rusticano
849 4366 978 4451 eloquio
1009 4366 1189 4432 amicorum
1220 4387 1307 4431 meo-

291 4580 299 4613 ¹
317 4579 363 4644 iic]
378 4579 427 4639 hie,
438 4579 469 4629 B.
840 4576 929 4642 'erpo
933 4595 1003 4627 vvvvv
1005 4579 1016 4642 ]
1031 4593 1147 4642 pavesco,
1161 4579 1191 4629 R.

290 4659 301 4692 ²
317 4660 371 4710 'l'he
384 4657 475 4709 author
486 4658 608 4722 probably
620 4659 716 4708 allodes
728 4664 756 4707 to
840 4657 851 4689 ⁴
868 4659 934 4722 eum]
950 4665 1012 4718 tum,
1023 4659 1053 4708 B.

255 4739 301 4789 the
312 4737 403 4789 monke
414 4737 443 4787 ol
451 4737 607 4788 worcester.

344 4850 437 4903 0575.
472 4849 525 4902 Wt.
539 4855 628 4902 10902.
1151 4870 1175 4918 Α

354 4951 437 5060 Η
