3530 5790
604 873 842 926 auossrsuors
865 873 909 923 or
932 874 1036 926 roan.
1277 869 1342 932 359

289 1077 377 1134 terim
401 1077 471 1132 fecit
502 1077 627 1131 Thomas
661 1075 903 1146 archiepiscopus,
935 1092 988 1129 nec
1021 1074 1174 1148 quisquam
1197 1078 1343 1149 episcopo-

290 1186 355 1221 rum
379 1172 441 1222 erat
463 1166 514 1238 qui
536 1166 591 1224 hoc
615 1163 645 1217 in
669 1182 720 1220 sua
748 1164 839 1236 ipsius
872 1163 989 1218 dioecesi
1024 1169 1166 1235 pressante
1189 1167 1342 1238 archiepis·

295 1275 367 1328 copo
400 1261 596 1328 praesumeret.
646 1253 801 1309 Ordinuvit
832 1253 922 1309 etiam
957 1253 1107 1326 episcopos
1141 1255 1321 1310 Herbe1·tum

292 1347 524 1419 Norwycensem,
550 1343 737 1414 Radulphum
762 1333 1010 1406 Cleeslrensem,
1034 1349 1064 1398 et
1096 1345 1242 1400 Herveum
1267 1347 1341 1400 Ban-

292 1453 473 1505 gornensem.

361 1709 542 1790 Quanrun
564 1709 734 1775 Tuonss²
756 1712 958 1776 Anssunun
982 1728 1272 1778 consuessvnsn.

126 1905 268 1972 Hushss·
338 1903 501 1968 Successit
523 1909 635 1968 autem
659 1900 844 1966 Lanfrauco
877 1899 1061 1966 Anselnrus.
1106 1917 1198 1978 Quem
1221 1929 1288 1966 cum
1311 1930 1346 1966 ex
1360 1912 1465 1964 Analm

127 1979 214 2025 104-5.

294 2001 408 2056 decreto
438 2001 563 2058 Honorii
595 2019 678 2072 papae
711 2000 835 2054 Thomas
867 1999 1108 2070 archiepiscopus,
1133 2000 1347 2072 pontificalibus
1359 1982 1486 2096 ffffi‘ffo

294 2091 424 2156 indutus,
441 2082 632 2148 (luniuarlae
655 2107 820 2145 consecrare
835 2095 953 2160 paratus
975 2095 1059 2154 esset,
1076 2090 1184 2161 scriptu
1197 2090 1346 2171 'petitione
1358 2113 1409 2161 ,nd
1420 2113 1487 2162 Tho,

293 2187 323 2235 et
346 2181 420 2235 lecta
443 2189 476 2235 ut
498 2197 565 2236 eum
597 2180 625 2233 in
659 2179 812 2250 primatem
844 2179 933 2234 totius
964 2179 1125 2234 Britannias
1156 2185 1345 2244 consecraret,
1359 2193 1412 2227 nus
1421 2179 1516 2230 refuses

294 2266 328 2325 et
351 2270 476 2326 Thomas
499 2269 639 2333 discessit,
664 2275 693 2323 ot
717 2287 746 2323 so
770 2268 984 2340 pontificalibus
1006 2268 1095 2322 exuit.
1143 2261 1258 2323 Erant³
1280 2287 1346 2324 cum
1360 2251 1485 2361 ωξοῗῗ·

293 2359 508 2433 archiepiscopo
539 2348 742 2414 venerabiles
766 2369 911 2434 personae
945 2357 980 2412 de
1015 2357 1189 2412 Eboracensi
1216 2357 1346 2422 ecclesia,
1359 2327 1504 2441 3⁰35&oe

294 2449 382 2519 Hugo
405 2449 540 2513 decanus,
558 2447 700 2503 Ranullus
716 2447 922 2512 thesaurarius,
938 2446 1094 2501 Durandus
1116 2447 1346 2512 archidiaconus,
1360 2443 1437 2521 ⁰f'5rll

295 2537 459 2593 Gilobertus
490 2543 600 2602 cantor,
632 2542 661 2592 et
692 2536 782 2607 aliqui
813 2555 849 2591 ex
880 2536 1035 2592 canonicis.
1083 2537 1225 2591 Exierunt
1247 2537 1347 2592 statim
1360 2512 1466 2560 Butam·

294 2633 360 2698 post
382 2619 663 2704 archiepiscopum
695 2617 764 2702 ipse
787 2616 965 2681 Anselmus
992 2617 1194 2682 ordinandus
1216 2617 1246 2681 et
1268 2625 1346 2680 Wal-
1360 2601 1501 2720 Tppacene

294 2717 409 2772 helinus
424 2715 635 2772 Wintoniensis
658 2715 819 2788 episcopus,
836 2719 865 2770 et
888 2715 1008 2786 pedibus
1031 2715 1239 2787 archiepiscopi
1262 2716 1347 2770 allhsi
1361 2685 1474 2800 lefb'ggi·

294 2807 445 2861 humiliter
468 2806 613 2878 deprecati
648 2809 775 2859 suntne
807 2805 928 2860 molesto
960 2804 1111 2876 acciperet.
1171 2805 1281 2874 Quibus
1304 2823 1347 2858 ar·

294 2897 493 2968 chicpiscopus
505 2887 526 2950 :⁴
560 2895 667 2951 “Cum
692 2895 749 2948 duo
780 2899 905 2959 tantum,
930 2885 1048 2969 inquit,
1072 2893 1132 2948 sint
1154 2893 1348 2966 metropolita

296 2988 314 3009 “
341 2986 371 3039 in
395 2985 559 3049 Britannia,
583 2985 656 3041 alter
691 2983 748 3040 uisi
801 3001 887 3056 super
921 2984 1044 3038 alterum
1077 3001 1138 3039 esse
1162 2990 1347 3056 nou'potest.

296 3077 314 3098 ‘⁶
341 3075 373 3130 Si
397 3075 512 3142 timore,
536 3075 583 3130 vel
614 3091 711 3128 amore
734 3068 768 3128 et
786 3063 930 3149 juvenili
961 3073 1083 3128 oonsilio
1107 3073 1297 3144 personaliter
1320 3077 1350 3127 et

296 3165 315 3188 “
342 3164 469 3220 indebite
502 3163 590 3219 alicui
624 3182 671 3218 me
707 3161 827 3233 subjeci,
856 3163 995 3218 liberatus
1026 3180 1101 3226 sum,
1133 3163 1170 3216 in*
1195 3163 1350 3234 primatem

298 3255 315 3278 “
340 3254 488 3310 neminem
527 3253 731 3309 consecrabo.’'
779 3253 818 3306 Et
852 3252 916 3306 illi:
950 3255 968 3276 ‘⁴
982 3252 1167 3322 Disponite,’'
1201 3251 1349 3323 inquiunt,

297 3346 315 3367 ‘⁵
340 3343 479 3415 petitioni
502 3361 554 3415 pro
577 3343 729 3398 voluntate
752 3347 867 3407 vestra;
900 3343 1036 3396 nolumus
1066 3359 1119 3396 nec
1143 3341 1174 3395 in
1197 3341 1349 3412 petitione,

297 3435 315 3457 ‘⁸
340 3451 394 3488 nec
418 3434 448 3487 in
472 3431 699 3496 consecratione,
723 3431 780 3486 nisi
804 3449 869 3503 quee
894 3423 994 3502 pacis⁶
1016 3437 1046 3486 et
1068 3431 1209 3496 caritatis,
1233 3437 1263 3486 et
1285 3447 1351 3502 quae

297 3524 315 3546 “
341 3523 396 3578 Dei
419 3527 488 3577 sunt
520 3523 679 3594 quaerarc.’'
735 3520 792 3575 His
815 3520 911 3575 verbis
947 3519 1179 3592 archiepiscopus
1210 3521 1350 3591 placatus,

297 3613 513 3684 pontificalibus
537 3629 566 3666 se
589 3601 769 3675 reinduens,⁷
792 3609 829 3664 ad
864 3610 956 3664 altare
989 3627 1136 3679 regressus
1169 3613 1221 3663 est.
1268 3609 1352 3678 Quod
1365 3606 1418 3655 The
1430 3619 1489 3680 0911·

296 3713 372 3778 ergo
396 3701 537 3774 scriptum
553 3707 624 3765 erat,
651 3703 669 3724 ‘⁴
682 3701 712 3754 in
731 3699 887 3771 primatem
899 3701 916 3722 ’⁹
940 3698 1061 3752 minime
1084 3699 1169 3763 lecto,
1186 3703 1265 3753 etex
1289 3703 1351 3753 toto
1365 3679 1493 3787 {imm

295 3791 407 3856 abraso,
424 3791 565 3862 petitione
580 3793 712 3861 correpta
735 3789 815 3843 utin
830 3787 1092 3859 metropolitanum
1113 3787 1352 3843 Cantaurienscm
1365 3805 1439 3853 takes

296 3885 521 3944 consecraretur,
553 3879 756 3934 assistentibus
779 3879 837 3934 sere
871 3877 961 3933 totius
984 3876 1142 3949 provinciae
1165 3877 1352 3949 coepiscopis,
1366 3873 1447 3934 P1800·

295 3976 325 4024 et
349 3970 501 4025 abbatibus
536 3969 681 4040 plurimis,
707 3974 736 4024 et
768 3967 876 4022 diversi
915 3966 1026 4021 ordinis
1058 3967 1170 4021 clericis
1201 3971 1231 4022 et
1263 3966 1354 4034 laicis,
1368 3935 1522 4054 Ressmffi

687 4119 690 4122 ,
702 4115 889 4122 —„.—...-.„-...
912 4113 988 4120 *-
1076 4114 1133 4119 ----
1149 4113 1303 4120 ——-—--—-
1314 4113 1342 4120 ..-

330 4191 523 4256 ¹Hrrberlum]
551 4189 691 4254 Herceum,
711 4188 745 4238 Α.
769 4189 799 4240 C.
827 4189 830 4251 ,Ι
885 4185 1127 4254 ⁴archiepr'scopus]
1158 4187 1287 4253 respoudit
1310 4189 1357 4236 irre.
1413 4187 1414 4190 ’

296 4273 413 4322 nna
827 4254 1057 4343 {annun

329 4351 340 4383 ²
362 4349 482 4414 Thomas]
495 4347 698 4413 archiepiscopus
711 4348 757 4396 ias.
767 4345 800 4396 A.
828 4347 831 4401 l
885 4358 895 4388 ε
913 4358 977 4422 mi]
997 4373 1046 4407 om.
1059 4358 1093 4406 Α,
1106 4359 1137 4408 B.
1149 4359 1179 4408 Ε,
1192 4359 1221 4408 p,
1232 4359 1263 4409 G·

298 4430 364 4482 CAE'.
376 4449 383 4488 ς
395 4426 559 4487 consecrarit,
572 4428 606 4476 A.
619 4427 669 4486 1).;
687 4425 802 4488 Qualiter
829 4446 832 4516 p
887 4451 897 4482 θ
911 4451 1000 4516 PW]

295 4509 407 4559 ihomas
425 4505 630 4572 archiepiscopus
653 4505 803 4555 Anselmum
830 4521 831 4529 ¹

298 4588 303 4600 ,
467 4585 472 4596 .
650 4583 655 4595 ,
690 4583 696 4594 .
830 4535 833 4605 l
888 4542 1099 4610 marcinanno]
1122 4559 1149 4594 se
1172 4543 1290 4606 indueus,
1312 4545 1360 4604 E.;

297 4603 322 4638 ru
352 4587 559 4640 cantuariensem
588 4585 803 4649 archiepiscopum
854 4621 1098 4673 mmmmm
1117 4622 1152 4672 A.
1165 4625 1195 4674 Β.
1205 4623 1251 4676 c..
1270 4623 1362 4676 item

297 4665 463 4726 wuseeravit,
474 4666 505 4715 B.
518 4665 551 4715 D.
565 4665 596 4714 G.
830 4666 833 4713 l
1098 4659 1106 4684 ¹
1245 4661 1251 4685 '

331 4745 342 4776 a
358 4740 445 4809 erm]
462 4750 565 4793 mem·
584 4779 590 4791 .
605 4739 761 4802 ibidem'im¹
770 4739 803 4790 A·
830 4723 833 4779 ;
854 4719 882 4752 se
893 4701 1007 4765 induens,
1018 4704 1051 4754 D.
1062 4705 1093 4754 Ε.
1105 4705 1134 4754 F,
1148 4705 1180 4756 G,

298 4823 328 4878 C·
340 4825 370 4874 F.
380 4825 413 4875 G.

1022 4457 1080 4500 suut
1092 4453 1136 4501 ins.
1149 4451 1182 4501 A.
