3454 5816
599 903 681 953 vrrs
704 903 729 952 s.
753 901 917 952 oswsnar.
1229 881 1292 948 495

246 1099 465 1158 Oentuariensis
488 1101 632 1170 pastorem
655 1095 840 1170 postmodum
863 1095 975 1164 habuit,
998 1093 1169 1160 Albsnensi,
1196 1093 1293 1149 Brith-

245 1191 352 1245 nothus
386 1188 528 1255 Heliensi,
552 1186 750 1242 Beemflitensi
774 1186 968 1244 Godemanus.
1016 1184 1187 1242 Uoenobium
1226 1201 1295 1239 rere

246 1279 435 1344 Ramisiense,
459 1283 493 1332 ut
514 1275 727 1348 descripsimus,
760 1274 823 1346 ejus
855 1276 996 1331 instinctu
1027 1281 1058 1330 et
1091 1274 1256 1347 operatione
1279 1291 1296 1327 a
1320 1335 1323 1340 ¹

245 1369 442 1424 fundamentis
458 1367 634 1424 aedfficetum
649 1371 701 1420 est.
748 1365 844 1422 Aucta
859 1371 903 1420 est
926 1383 994 1436 ergo
1010 1382 1061 1437 pcr
1083 1363 1224 1436 Angliam
1247 1365 1295 1418 ob·

245 1458 391 1514 serrantia
413 1457 575 1528 disciplinas
598 1455 740 1527 regularis
756 1455 787 1510 in
810 1461 937 1520 tautum,
961 1461 995 1508 ut
1017 1453 1210 1526 quadraginta
1233 1457 1297 1508 octe

190 1611 193 1618 ¹
246 1547 421 1603 monasteria
454 1546 561 1618 purtim
598 1545 679 1612 viris,
715 1545 822 1616 partim
855 1543 972 1600 feminis
1010 1544 1210 1599 stabilirentur
1246 1561 1298 1614 per

247 1637 300 1693 hos
342 1637 430 1702 viros,
455 1637 657 1704 Dunstsnum,
674 1633 811 1690 videlicet
849 1633 1097 1700 Cantuariensem,
1133 1631 1298 1689 Oswoldum

249 1727 495 1798 [wigornensem
520 1722 749 1792 Athelwoldum]
774 1724 1022 1796 W5ntoniensem.

572 1937 779 2004 Csrrrunun
807 1937 988 2003 Dromon.

293 2089 372 2156 Post
395 2089 458 2156 hoc
480 2100 587 2155 Beatus
610 2099 760 2156 Oswaldus
782 2098 953 2154 correctioni
977 2065 1147 2154 elericorum
1178 2099 1300 2198 Wygcr-
1314 2083 1447 2202 {lemn
1448 2157 1458 2198 t

155 2197 162 2210 ·
250 2189 396 2244 niensium
419 2189 615 2244 intromittere
648 2206 800 2260 aggressus
823 2193 876 2244 est.
922 2178 1000 2243 At·
993 2187 1049 2259 rpsi
1071 2188 1253 2244 advertentes
1270 2205 1301 2242 ιη
1315 2217 1469 2270 worcester·

251 2297 332 2350 ques,
356 2285 497 2350 qnantum
521 2295 587 2333 suos
609 2296 703 2334 mores
725 2278 877 2343 attinebat,
901 2295 949 2333 eos
971 2278 1121 2348 angustias
1143 2278 1232 2332 vellet
1254 2278 1300 2334 de-

252 2368 377 2434 trudere,
395 2368 494 2423 statim
510 2367 606 2423 verbis
628 2367 691 2438 ejus
714 2367 828 2423 aditum
851 2367 897 2422 sui
920 2366 1015 2422 cerdis
1038 2368 1230 2432 occluserunt,
1248 2385 1302 2424 nee

251 2477 285 2513 eu
307 2475 423 2514 sensum
446 2475 531 2512 suum
554 2463 705 2530 penetrare
728 2457 790 2512 ulla
811 2457 924 2512 ratione
947 2457 1024 2528 pessi
1047 2462 1125 2512 sunt.
1182 2459 1245 2527 Qua
1266 2457 1303 2512 de

252 2566 283 2602 re
306 2553 422 2619 sumpto
445 2566 463 2602 a
485 2552 568 2619 patre
590 2547 743 2602 Dunstano
776 2545 860 2618 cujus
894 2553 1082 2604 consueverat
1113 2547 1202 2602 inniti
1236 2565 1301 2619 pru·

252 2637 333 2693 denti
357 2637 488 2702 consilio,
512 2643 659 2692 annuente
688 2635 750 2708 jem
784 2654 861 2708 saepe
893 2641 1052 2692 memorato
1087 2637 1212 2708 glorioso
1235 2655 1303 2708 rege

253 2727 379 2798 Ildgero,
403 2727 612 2782 monesterium
634 2717 870 2782 monachorum
895 2727 971 2781 infra
995 2726 1088 2798 ipsam
1111 2726 1208 2783 sedem
1242 2727 1302 2798 epi·

253 2817 398 2889 scopalem
421 2834 488 2874 cum
518 2815 623 2888 quibus
661 2821 879 2872 conversaretur
917 2807 1116 2882 construxit,
1140 2813 1175 2872 et
1198 2807 1302 2894 ipsius

252 2897 442 2964 monasterii
465 2906 616 2962 ecclesiam
639 2905 669 2960 in
692 2907 801 2961 honore
823 2910 931 2962 sanetae
959 2905 1013 2962 Dei
1045 2905 1201 2977 genetricis
1224 2905 1302 2962 dedi-

253 2995 340 3052 cavit.
396 2986 556 3051 Videutes
579 3007 657 3052 vero
681 2985 790 3052 cleriei
813 2986 973 3072 posthoc
996 2987 1229 3052 monachorum
1253 3009 1303 3052 ee-

253 3089 384 3155 clesiam
408 3095 542 3174 prepter
563 3110 677 3154 eorum
693 3089 905 3154 sanctitatem
920 3111 942 3154 a
956 3089 1077 3176 populo
1092 3089 1304 3176 frequentari,

255 3211 367 3256 eorum
390 3211 470 3255 vero
492 3213 514 3255 a
535 3191 650 3256 multis
672 3190 783 3254 minus
806 3190 904 3254 solito
927 3197 1060 3276 propter
1082 3213 1195 3256 eorum
1218 3193 1305 3257 inso-

254 3281 392 3345 lentiam
423 3280 460 3344 in
493 3279 617 3345 honore
649 3279 774 3358 haberi,
809 3289 964 3344 consilium
997 3295 1098 3345 eontra
1130 3291 1224 3346 Deum
1247 3309 1306 3346 neu

255 3397 316 3434 esse
331 3379 550 3451 perpendentes,
566 3379 702 3434 nonnulli
725 3385 821 3450 spreto
844 3379 962 3444 saeeulo,
979 3385 1076 3450 spreta
1099 3381 1179 3436 omni
1202 3399 1308 3453 pompa

256 3469 398 3536 saeculari,
417 3467 490 3540 jugo
513 3487 543 3525 se
567 3467 676 3524 Christi
700 3467 870 3538 subjiciunt,
894 3475 924 3524 et
947 3469 1024 3524 inter
1046 3471 1212 3536 monachos,
1237 3487 1309 3542 quos

257 3557 344 3630 paulo
367 3563 434 3613 ente
456 3557 583 3612 nimium
606 3557 822 3622 execrabantur,
839 3558 976 3613 monaehi
992 3559 1075 3614 fiunt.
1124 3561 1188 3615 Hoc
1211 3560 1309 3632 itaque

258 3647 343 3702 modo
366 3665 383 3702 a
406 3649 495 3702 Beato
517 3649 603 3703 Petro
627 3647 657 3702 iu
681 3651 803 3702 matrem
827 3647 947 3702 Domini
972 3649 1141 3715 salvatoris,
1164 3669 1182 3704 a
1197 3650 1310 3706 clericis

258 3735 289 3790 iu
312 3737 468 3792 monachos
492 3739 633 3792 translata
655 3741 699 3792 est
722 3737 803 3792 sedes
826 3735 1002 3808 pontificalis
1024 3738 1151 3794 honoris.

550 3943 758 4010 Onrrruuun
781 3942 1016 4010 Uanncrueu.

95 4101 133 4152 ¹⁶
142 4117 184 4167 ΡΡ·
196 4105 246 4152 ἳὸ·
305 4103 361 4158 His
384 4103 426 4158 ite
448 4121 478 4159 se
494 4103 675 4172 habentibus,
691 4105 829 4176 praelatus
846 4097 1043 4162 Eboreeensls
1054 4107 1183 4164 civitatis
1205 4099 1308 4167 arohi-
1323 4102 1426 4154 Omld

96 4173 117 4220 6.

258 4183 428 4270 episcopus
450 4194 519 4250 vitre
535 4194 671 4266 presenti
694 4194 843 4262 adimitur,
860 4191 894 4250 et
917 4186 1121 4252 Oswaldus'
1113 4211 1149 4254 111
1172 4191 1309 4256 candem
1321 4173 1458 4288 ξξξζζξξὶο

259 4273 457 4360 dignitatem
480 4274 686 4361 subrogatur.
746 4275 812 4355 Qui
835 4285 970 4356 quamvis
994 4287 1168 4342 Eborscensi
1191 4290 1307 4362 pontili-
1322 4305 1440 4355 osyork
1459 4251 1476 4302 p

258 4378 325 4429 catu
348 4372 520 4429 sublimatus
542 4373 681 4440 extiterit,
697 4365 907 4452 praecipiente
923 4365 985 4433 hoc
1006 4379 1178 4434 auctoritate
1203 4381 1310 4436 summi

260 4453 424 4539 pontificis
447 4455 550 4520 Beato
566 4456 741 4520 Dunstsno
764 4482 864 4520 curam
886 4465 1068 4539 episcopatus
1090 4469 1311 4542 Wygerniensis

259 4569 318 4607 nen
342 4552 449 4607 amisit.
497 4555 572 4608 Exin
596 4559 726 4610 tractans
748 4554 794 4608 vir
817 4554 872 4610 Dei
895 4573 993 4611 secum
1027 4547 1204 4616 oswaldus
1236 4561 1311 4616 illud

260 4642 409 4713 sapientis,
432 4643 501 4714 quia
534 4645 582 4698 cui
614 4645 679 4716 plus
711 4645 914 4710 committitur,
939 4647 1004 4718 plus
1038 4647 1074 4702 ab
1107 4667 1141 4705 ee
1172 4651 1310 4723 exigitur,

261 4731 341 4786 omni
364 4731 435 4788 hora
469 4733 593 4789 sollicite
628 4733 748 4790 curabat
779 4735 821 4790 ite
853 4734 908 4792 sibi
932 4738 1086 4793 commissa
1118 4739 1311 4813 dispensando

260 4826 385 4878 nectere
399 4827 429 4878 et
451 4823 608 4900 nectendo
625 4822 801 4897 dispensare,
819 4829 853 4880 ut
875 4825 951 4880 nihil
974 4847 991 4883 a
1014 4837 1045 4884 se·
1059 4827 1090 4883 in
1113 4829 1211 4888 future
1234 4833 1312 4904 qued
