3538 5800
641 855 802 904 AUCTORE
825 853 1001 903 EADMERO.
1254 843 1256 846 ⁵
1315 841 1335 899 5

283 1041 378 1118 sedis,
410 1042 446 1106 in
477 1041 628 1106 altiorem
661 1062 760 1127 quam
792 1037 886 1105 erat¹
919 1045 1044 1105 statum
1082 1039 1212 1104 sublato
1247 1043 1335 1102 tecto
1348 1049 1457 1100 Noreia

281 1143 352 1229 ipse
382 1142 500 1230 pater8
534 1149 722 1210 construere
760 1142 882 1219 volens,
919 1164 959 1208 ec
988 1142 1073 1207 velle
1112 1163 1209 1206 suum
1248 1140 1335 1206 facto
1347 1115 1506 1248 &mm

282 1244 491 1332 adimplens,3
527 1246 637 1312 oravit
669 1245 861 1322 Dominum,
895 1250 934 1310 ut
983 1245 1142 1330 quamdiu
1165 1244 1239 1330 ipsa
1270 1242 1334 1307 Dei
1347 1248 1481 1327 tamenn·

282 1346 422 1412 domus⁴
439 1348 633 1434 integritate
655 1345 732 1412 sui⁵
754 1353 888 1424 careret,
904 1347 1020 1432 pluvie
1042 1367 1116 1432 quae
1139 1345 1297 1432 populum
1314 1366 1335 1409 a
1347 1314 1495 1431 {ffissm

282 1449 418 1514 servitio
441 1449 505 1513 Dei
528 1453 662 1525 arceret,
678 1447 769 1513 infra
790 1447 955 1513 ambitum
978 1447 1069 1512 illius
1102 1469 1170 1512 non
1202 1447 1334 1512 descen-

282 1551 382 1616 deret.
431 1551 528 1632 Quod
567 1556 602 1615 et
635 1550 761 1616 fectum
795 1556 852 1615 est.
901 1550 1039 1615 Videres
1072 1550 1197 1614 etenim
1227 1553 1334 1614 totam

281 1653 454 1718 civitatem
488 1674 575 1739 saepe
609 1653 728 1740 grandi
762 1653 880 1738 pluvia
913 1652 1135 1738 circumcingi,
1158 1657 1193 1717 et
1223 1652 1333 1737 ipsum

281 1755 443 1841 templum
476 1755 624 1840 ejusdem
661 1754 785 1840 pluviae
823 1754 1041 1820 inundatione
1078 1776 1139 1820 nec
1177 1753 1333 1840 contingi.

281 1856 368 1922 Item
391 1857 480 1922 idem
502 1862 607 1942 pater,
630 1857 710 1922 dum
733 1857 876 1942 quadam
900 1857 973 1922 vice
988 1877 1118 1922 sacrum
1133 1857 1331 1941 mysterium
1346 1868 1403 1920 odo
1414 1870 1460 1920 hae
1471 1887 1488 1922 a

279 1956 403 2023 alteri⁶
424 1979 567 2044 praesens
590 1958 846 2034 administraret,
869 1979 987 2044 corpus
1010 1957 1222 2024 Dominicum
1245 1959 1333 2022 inter
1345 1934 1467 2052 {lilziffi

280 2083 398 2127 manus
421 2062 492 2147 ejus
514 2067 688 2126 cruentum
712 2067 745 2126 et
768 2062 962 2147 sanguinem
985 2062 1149 2127 distillans
1182 2062 1218 2125 in
1253 2061 1331 2126 cali-
1344 2069 1474 2120 Presenoe.

279 2184 350 2228 cem
388 2164 551 2250 apperuit.
610 2163 663 2226 Ex
696 2184 761 2248 quo
793 2163 997 2228 intuentium
1029 2162 1196 2228 mentibus
1228 2163 1331 2226 nimio

279 2287 400 2350 pavore
422 2265 590 2351 percussis,
615 2287 692 2331 mox
715 2265 759 2330 ed
782 2286 893 2351 preces
909 2265 1074 2351 pontificis
1089 2266 1125 2328 in
1141 2269 1331 2330 consuetam

280 2367 331 2431 sui
354 2367 492 2432 formam
515 2369 709 2432 restitutum
725 2371 782 2432 est.
829 2367 996 2432 Fenmtur
1018 2372 1053 2432 et
1075 2367 1141 2432 elia
1162 2367 1203 2431 de
1218 2367 1332 2432 eodem

280 2471 352 2534 viro
383 2469 535 2534 miranda
567 2469 665 2547 facte,
698 2491 772 2554 quae
794 2490 855 2534 nos
886 2469 1019 2534 silentio
1051 2469 1267 2554 praeterimus,
1289 2490 1331 2533 ne

279 2577 435 2660 putemur
457 2570 553 2635 obliti
576 2571 684 2656 operis
708 2571 797 2655 quod
820 2572 1031 2657 suscepimus

325 2675 354 2736 4.
380 2671 491 2756 Hujus
528 2671 634 2758 igitur
664 2671 769 2756 patris
806 2693 908 2757 nepos
941 2694 1024 2757 puer
1055 2671 1119 2737 Dei
1155 2670 1329 2736 Oswaldus
1344 2683 1477 2734 Oeensis

280 2774 433 2849 existens,
456 2795 477 2838 a
510 2773 704 2858 parentibus
728 2775 797 2838 suis
832 2774 906 2859 ejus
933 2775 1091 2840 doctrinis
1123 2774 1328 2850 imbuendus,
1343 2750 1493 2880 {Jffilfful’

279 2875 350 2960 ejus
378 2874 538 2960 exemplis
560 2874 797 2952 instituendus,
821 2875 852 2940 ei
875 2876 1123 2941 commendatus
1146 2881 1204 2940 est.
1252 2872 1331 2954 Qui⁷

281 2999 323 3041 ex
361 2975 612 3042 conversatione
646 2976 735 3040 tenti
768 2976 832 3040 viri
871 2998 940 3042 sese
978 2977 1107 3042 felicem
1149 2976 1219 3042 fore
1256 2997 1331 3062 pro·

277 3079 445 3155 nuntians,
468 3099 530 3142 nec
564 3078 807 3155 miraculorum,
837 3100 912 3164 quae
945 3099 1184 3164 nonuunquam
1215 3082 1332 3142 assunt

277 3179 380 3258 melis,
404 3179 462 3243 sed
485 3179 649 3244 virtutum
683 3180 763 3265 ejus,
785 3179 856 3245 sine
880 3180 1001 3266 quibus
1034 3202 1130 3246 nemo
1153 3180 1193 3245 fit
1215 3180 1331 3257 bonus,

278 3281 426 3344 imitator
461 3301 530 3344 esse
565 3279 709 3345 curabat.
772 3279 871 3344 Unde
894 3286 928 3345 et
950 3281 993 3345 ab
1025 3281 1178 3346 omnibus
1213 3281 1330 3366 dilige·

277 3381 397 3460 betur;
420 3403 488 3446 non
511 3381 619 3446 solum
642 3381 722 3466 quia
755 3386 852 3446 tenta
874 3382 982 3448 cernis
1005 3383 1255 3468 propinquitate
1278 3381 1328 3444 illi

277 3483 501 3569 copulabatur,
525 3485 583 3548 sed
617 3485 718 3548 etiem
743 3485 822 3569 quia
844 3506 957 3548 versus
992 3506 1104 3550 omnes
1128 3485 1162 3548 id
1193 3489 1329 3570 egerant

276 3586 395 3650 merita
425 3586 498 3670 ejus
520 3591 559 3650 ut
581 3607 601 3650 a
623 3586 750 3651 cunctis
773 3591 946 3652 amaretur.
993 3585 1151 3652 Traditur
1183 3586 1326 3667 litteris3

277 3692 311 3752 et
333 3686 505 3772 cujusdam
528 3686 602 3764 viri,
625 3685 842 3772 Frithegodi⁸
877 3689 1017 3765 nomine,
1041 3689 1098 3774 qui
1133 3690 1169 3752 in
1192 3689 1326 3753 Divinis
1339 3694 1494 3774 llnmegode

276 3810 314 3854 ac
336 3788 549 3854 sacularibus
580 3789 765 3875 disciplinis
788 3810 933 3875 quosque
966 3791 1017 3854 sui
1049 3791 1207 3876 temporis
1240 3792 1326 3876 sapi·
1339 3762 1446 3878 fflffi

276 3897 368 3956 entes
392 3892 576 3977 praecellere
599 3892 792 3978 putabatur,
816 3893 1009 3979 magisterio
1032 3893 1175 3970 functus,
1199 3894 1326 3959 studio·

275 3994 344 4058 sius
376 3993 483 4070 discit,
507 3999 541 4059 et
575 3994 611 4057 in
644 3993 739 4058 brevi
768 3994 948 4079 plurimum
971 3994 1118 4080 profecit.
1181 3994 1327 4080 Spiritus

275 4115 418 4180 namque
451 4095 624 4181 sapientiae
648 4101 682 4160 et
713 4097 902 4162 intellectus
934 4119 1033 4182 super
1055 4117 1093 4161 eo
1128 4097 1324 4182 quiescebat,

276 4197 439 4283 inspirans
463 4198 494 4262 ci
515 4197 659 4284 gratiam
675 4220 777 4278 suam,
794 4203 829 4264 et
851 4220 906 4264 cor
921 4198 1109 4286 intelligens
1129 4199 1173 4264 ed
1195 4200 1326 4288 singula

310 4446 318 4479 ¹
336 4445 407 4511 crat]
423 4451 504 4506 crant,
516 4447 546 4496 Β.
856 4447 867 4480 ⁸
884 4449 937 4515 sut]
952 4465 1002 4500 om.
1013 4450 1046 4500 B.

309 4524 319 4557 ²
332 4524 423 4590 parer]
438 4540 489 4575 orn.
499 4525 534 4574 A.
855 4527 866 4560 ⁶
883 4525 975 4594 altars]
990 4527 1089 4590 altario,
1100 4529 1134 4578 Α.

308 4601 320 4636 ⁸
337 4611 480 4653 construere
491 4601 576 4652 volens
587 4618 619 4652 ac
630 4601 693 4653 uelle
708 4620 778 4653 suum
854 4605 865 4644 ⁷
886 4605 951 4672 Qut]
966 4606 1003 4656 At
1014 4607 1066 4668 ille,
1078 4608 1144 4658 An.

267 4682 345 4745 sacto
356 4680 506 4747 adirrplcns]
521 4690 679 4743 construens
690 4683 764 4734 A.B.
853 4683 865 4716 ⁸
881 4684 1009 4749 cujusdam
1021 4687 1071 4734 riri
1088 4685 1249 4754 Frttleyodr]
1273 4705 1324 4740 cur·

307 4757 719 4827 ⁴Deid0m1eoeleua,s.ss.
819 4764 878 4813 dam
888 4764 1120 4832 riroFrithcgodo,
1132 4768 1163 4818 B.
