3582 5798
604 921 652 994 ar·
672 923 774 970 nuos
798 919 868 970 nrm
891 921 1061 969 onnuros.
1298 905 1359 967 101

294 1101 435 1168 domini
458 1103 511 1168 sui
542 1109 577 1170 et
610 1103 697 1190 regis
730 1099 865 1169 olerious
888 1125 967 1168 suus
999 1107 1034 1168 et
1056 1099 1227 1165 familiaris
1249 1100 1362 1165 odium

309 1204 498 1285 incurrere5
522 1206 696 1290 pertimuit
718 1227 785 1270 non
808 1211 878 1270 tem
902 1227 999 1272 suum
1023 1225 1124 1290 quam
1146 1223 1281 1269 suorum
1304 1225 1361 1268 ex·

309 1305 412 1371 ilium.
462 1307 560 1370 Multi
583 1329 662 1373 voro
685 1308 912 1374 dissuadentes
943 1309 974 1372 ei
996 1307 1089 1391 prius
1120 1311 1154 1369 et
1174 1305 1362 1371 confortan-

309 1413 359 1473 tes
377 1409 433 1494 [si]
458 1430 525 1474 non
547 1409 673 1476 faceret
695 1410 759 1496 ipsi
791 1410 919 1495 sibique
952 1409 1049 1474 modo
1079 1407 1257 1488 timentes;
1289 1411 1362 1493 qui·

310 1509 387 1574 dam
424 1532 503 1576 vero
540 1513 756 1578 assentatorie
800 1513 868 1598 regi
901 1512 1051 1579 faventes
1096 1510 1363 1588 consiliabantur,

310 1613 502 1691 suadebant,
532 1615 704 1682 instabant
738 1619 777 1679 ut
799 1616 898 1701 regiae
921 1614 1088 1680 voluntati
1119 1613 1360 1698 obsequeretur.

310 1714 364 1780 Sic
394 1737 471 1803 ergo
503 1718 639 1784 oonsilio
670 1719 835 1804 deeeptus,
858 1719 957 1784 minis
989 1718 1134 1794 territus,
1168 1716 1295 1781 invitus
1327 1722 1361 1782 et
1374 1727 1443 1778 who
1455 1727 1525 1795 gives

308 1818 421 1884 dolens
444 1821 579 1886 tandem
600 1821 709 1888 faeere
731 1822 898 1888 eoncessit.
952 1821 1051 1885 Multi
1074 1820 1252 1886 audienmt
1285 1841 1361 1885 eum
1374 1809 1436 1858 ΜΨ·

309 1928 425 2007 postea
446 1923 609 1990 dieentem
632 1947 667 1990 se
689 1925 880 1990 nullatanus
902 1923 965 1991 hoe
994 1922 1206 1991 conoessissse
1237 1922 1265 1987 si
1289 1923 1361 1988 eine

309 2025 461 2110 raptione
484 2031 633 2113 putasset
655 2027 812 2114 Angliam
835 2028 936 2093 exire.

354 2126 500 2192 Ventum
523 2135 574 2194 est
595 2129 700 2215 igitur
716 2129 932 2196 Oantuariam
955 2133 994 2194 ut
1016 2133 1280 2207 consecraretur3
1302 2128 1360 2193 ubi
1373 2135 1415 2186 He
1427 2135 1449 2186 is
1461 2151 1519 2186 conv

310 2247 384 2292 eum
410 2230 513 2315 juxta
543 2252 667 2297 morem
700 2232 956 2298 examinationis
990 2230 1222 2316 L[anfraneus]
1253 2229 1359 2296 arehi-
1372 2205 1522 2320 scamas

310 2331 481 2418 episeopus
512 2333 702 2419 Tb[0mam]
735 2335 875 2402 electum
907 2333 1088 2400 consecrari
1122 2337 1275 2418 paratum
1308 2333 1360 2396 in·
1372 2336 1446 2399 bury,
1459 2337 1527 2386 Al).

1318 2435 1325 2450 .
1374 2406 1445 2453 107⁰.

310 2436 511 2520 terrogaret:
549 2437 642 2502 “Vis
685 2459 755 2503 esse
796 2437 964 2523 subjectus
996 2441 1119 2502 sanatae
1166 2435 1359 2500 Oantuanae
1372 2495 1529 2545 Anamares

310 2543 327 2568 “
350 2536 500 2616 ecelesiae,
523 2543 557 2603 et
579 2539 664 2603 mihi
686 2544 722 2604 et
755 2539 994 2606 suecessoribus
1025 2537 1107 2603 meis
1124 2541 1137 2603 l
1152 2536 1169 2564 ”
1192 2537 1515 2626 paulisperapersonu

308 2639 494 2718 attendens,
530 2640 621 2721 flens,
659 2648 694 2708 et
731 2643 898 2730 suspirans
937 2645 983 2709 sio
1020 2637 1212 2729 respondit:
1252 2650 1268 2678 “
1284 2641 1359 2706 Tibi
1373 2627 1513 2762 dffiioedon

310 2749 327 2776 “
350 2742 516 2828 subjectus
555 2765 618 2823 ero,
656 2747 816 2831 quamdiu
853 2747 985 2824 vixeris,
1018 2745 1256 2812 suceessoribus
1292 2745 1361 2810 tuis
1374 2761 1509 2814 mifrans.

311 2851 328 2878 “
350 2844 495 2925 minime,
529 2847 595 2912 nisi
622 2847 796 2934 judicante
830 2871 957 2914 summo
982 2847 1163 2935 pontifice.”
1211 2846 1361 2933 Cumque
1409 2913 1411 2918 .

310 2951 481 3033 rogaretur
517 2953 571 3013 ut·
595 2955 720 3016 cartam
758 2951 969 3037 professionis
1006 2971 1028 3016 a
1066 2949 1362 3016 Cantuariensibus

311 3053 466 3138 scriptam
505 3052 636 3140 legeret,
675 3059 710 3120 et
747 3055 991 3142 arehiepisoopo
1028 3053 1183 3131 traderet,
1215 3053 1270 3119 ille
1302 3075 1362 3120 nee

311 3155 394 3242 legit
415 3177 476 3222 neo
498 3158 647 3223 tradidit.
692 3159 813 3228 Adhuc
835 3163 1013 3247 supersunt
1035 3157 1139 3244 aliqui
1163 3157 1221 3244 qui
1243 3158 1306 3224 hoo
1328 3168 1363 3223 et

227 3324 229 3329 ,
310 3257 467 3324 viderunt
489 3264 524 3324 et
544 3261 730 3326 audierunt.

353 3361 386 3425 A
408 3362 588 3448 primordio
604 3363 869 3430 Christianitatis
892 3363 928 3428 in
952 3361 1150 3430 Eboraeensi
1173 3361 1254 3427 urbe
1277 3383 1361 3427 sem-

310 3485 369 3550 per
389 3464 515 3550 paritas
538 3465 712 3552 dignitatis
735 3466 895 3532 extiterat
924 3463 1012 3530 inter
1035 3464 1306 3532 Cantuariensem
1330 3478 1364 3528 et

312 3565 548 3633 Eboraeensem
571 3568 729 3634 eeclesias.

356 3667 509 3755 Nequam
532 3669 618 3756 regis
641 3669 785 3736 eoelesise
807 3667 990 3735 retributio.
1037 3667 1101 3734 Illa
1135 3668 1223 3733 enim
1255 3668 1291 3732 in
1313 3691 1364 3734 re·

311 3791 385 3858 gem
401 3772 618 3860 consecrando
641 3771 826 3854 exaltavit3
848 3771 920 3858 ipse
942 3791 1014 3838 eam
1037 3771 1207 3837 subdendo
1229 3771 1363 3836 humili-

312 3874 391 3940 avit

356 3976 508 4042 Audistis
540 3977 717 4043 immanem
749 3983 784 4042 et
815 3976 990 4064 superbam
1017 3975 1219 4062 praelationis
1242 3979 1277 4040 et
1299 3975 1364 4042 ela-

312 4078 413 4145 tionis
435 4079 658 4147 ambitionem.
697 4080 822 4146 Audite
845 4079 1086 4159 monachorum,
1103 4079 1131 4145 si
1154 4101 1230 4146 vere
1252 4101 1364 4146 mona-

313 4181 456 4262 chorum,
498 4187 629 4270 turpem
668 4187 702 4248 et
739 4183 885 4249 dolosam
922 4182 1112 4270 possidendi
1149 4182 1364 4269 impietatem,

313 4283 436 4369 injuste
470 4291 505 4351 et
527 4285 689 4352 violenter
714 4291 898 4352 assecutam
920 4285 1165 4371 subjectionem.
1212 4286 1365 4353 Monaehi

314 4386 568 4455 Oantuan’enses
601 4395 725 4456 certam
760 4390 967 4476 seripserunt,
992 4395 1026 4454 et
1055 4389 1141 4476 regis
1163 4389 1271 4476 sigillo
1294 4407 1534 4470 sur-Thelorgeu

313 4491 462 4577 reptione
484 4498 519 4558 et
542 4493 616 4558 dolo
642 4493 804 4578 adquisito
827 4491 1065 4579 sigillaverimt,
1088 4513 1219 4558 oausam
1241 4474 1520 4590 scilieet⁰¹rffigf

313 4594 509 4660 ventilatam
542 4617 611 4660 esso
643 4595 731 4659 inter
763 4615 838 4659 suos
869 4593 1127 4681 archiepiscopos
1158 4615 1266 4661 coram
1289 4556 1506 4682 regedsueouy

313 4703 348 4762 et
379 4699 538 4784 episcopis
576 4703 611 4763 et
653 4699 852 4784 primoribus
885 4698 1025 4785 Angliae,
1057 4705 1092 4764 et
1126 4705 1293 4764 ostensum
1332 4675 1523 4790 etfflfflks

313 4799 481 4888 cognitum
514 4822 583 4866 esse
618 4799 856 4868 Eboraeensem
888 4801 1167 4888 arehiepiscopum
1191 4803 1490 4872 Centauri-tetbau-
