3410 5840
384 881 449 948 524
806 893 994 944 massora.

381 1095 549 1166 diligentia·
569 1094 727 1164 sategebat.
794 1093 925 1166 (lamque
957 1093 1221 1165 archiepiscopatus
1258 1094 1435 1150 monasteria

381 1187 546 1258 frequenter
569 1183 710 1250 visitaret,
734 1188 765 1238 et
787 1183 819 1238 in
842 1184 893 1248 eis,
917 1200 971 1255 pro
993 1184 1053 1238 suis
1076 1183 1197 1250 viribus,
1221 1189 1252 1238 et
1281 1202 1333 1255 pro
1356 1185 1434 1240 loco·

213 1262 324 1339 Thflfflffl*
380 1294 446 1330 rum
478 1275 669 1345 congruentia
701 1273 757 1328 Dei
789 1273 941 1328 servitium
980 1273 1130 1340 exaltaret,
1163 1273 1291 1342 contigit
1321 1291 1435 1345 quoque

212 1338 341 1446 {ffiam'
381 1383 447 1420 eum
471 1365 587 1435 saepius,
612 1363 752 1418 visitandi
775 1363 880 1434 gratia,
905 1363 943 1418 ad
965 1363 1200 1431 Hagustaldense
1224 1363 1434 1418 monasterium

381 1455 526 1509 devenire.
572 1454 665 1520 Unde,
689 1453 750 1507 Deo
785 1452 956 1524 inspirante,
993 1452 1083 1524 coepit
1115 1452 1243 1508 crebrius
1264 1453 1303 1507 ad
1326 1469 1432 1508 memo·

380 1543 454 1598 riam
486 1544 632 1606 reducere,
665 1541 739 1596 illud
772 1542 917 1612 quondam
950 1544 1164 1612 possessionum
1194 1547 1224 1596 et
1255 1543 1434 1612 dignitatum

381 1633 599 1703 magnificentia
622 1631 887 1702 opulentissimum,
911 1638 941 1686 et
964 1631 1046 1685 cultu
1068 1629 1221 1702 religionis
1236 1633 1432 1697 notissimum,

380 1723 417 1778 ad
440 1741 527 1794 quarn
551 1721 747 1776 miserrimum
763 1725 873 1776 statum
889 1734 928 1777 eo
943 1717 1090 1798 tempore
1107 1721 1278 1778 devenisset.
1325 1722 1432 1791 Igitur,

381 1813 416 1866 cb
441 1814 614 1868 Sanctorum
638 1811 678 1866 ibi
702 1810 913 1882 quiescentium
936 1809 1042 1864 merita
1064 1810 1247 1877 declaranda,
1271 1812 1332 1866 Deo
1348 1811 1432 1866 mise·

380 1909 473 1966 rante,
498 1892 644 1977 ejusdem
668 1899 830 1970 dejectione
861 1917 969 1970 magno
993 1899 1201 1972 compassionis
1235 1901 1333 1956 dolore
1366 1917 1433 1956 con=
1478 1947 1483 1960 .

381 1993 484 2057 doluit,
509 2010 542 2046 ec
566 1991 603 2052 do¹
625 1990 715 2061 ipsius
737 1989 959 2046 resuscitatione
992 1987 1054 2060 ipse
1077 1990 1176 2046 sedulo
1198 1991 1372 2062 excogitare,
1403 1995 1435 2046 et

380 2100 446 2136 cnm
470 2083 529 2136 suis
563 2079 721 2150 diligenter
755 2084 935 2136 nectaream
968 2083 1125 2142 retrectare
1155 2079 1253 2152 ooepit.
1308 2079 1434 2150 Cognita

380 2177 477 2226 autem
511 2170 603 2242 ipsius
626 2170 787 2234 voluntate,
812 2169 1009 2241 quamplures,
1032 2175 1065 2224 et
1097 2170 1223 2225 maxime
1255 2169 1375 2241 quidam
1398 2170 1434 2225 de

381 2261 440 2314 suis
464 2259 576 2314 clericis
600 2259 627 2314 ei
650 2257 833 2314 dilectissimi
856 2264 887 2313 et
919 2257 1153 2326 familiarissimi,
1177 2259 1313 2314 omnibus
1338 2259 1433 2314 modis

380 2351 484 2422 quibas
507 2355 652 2420 poterant,
676 2349 790 2403 adhoc
825 2348 1033 2419 perficiendum
1057 2349 1148 2421 ipsius
1171 2349 1302 2404 animum
1333 2365 1432 2404 aecen-

381 2441 494 2496 derunt.

425 2529 513 2584 Anno
545 2528 636 2599 igiter
666 2529 702 2582 ab
729 2527 929 2583 incarnatione
953 2527 1072 2584 Domini
1106 2530 1234 2593 n⁰c⁰x11⁰,
1258 2533 1288 2582 et
1311 2527 1433 2585 Henrici
1447 2532 1502 2583 Ric.
1516 2535 1550 2583 os

381 2620 457 2690 regis
480 2619 555 2684 xiid,
581 2617 699 2690 quiesi
725 2607 1026 2693 archiepiscopatus
1053 2609 1158 2694 ipsius
1181 2617 1311 2688 quintus,
1344 2637 1432 2690 saepe-
1447 2601 1587 2716 paphum,

381 2709 476 2764 dictus
499 2709 634 2774 Thomas,
659 2705 780 2762 consilio
803 2711 833 2762 et
863 2705 972 2762 auxilio
995 2707 1116 2778 capituli
1140 2707 1196 2772 sui,
1219 2707 1356 2764 videlicet
1389 2726 1433 2763 ec-
1464 2706 1470 2718 '
1499 2705 1505 2715 ⁶

381 2799 476 2854 clesiae
502 2798 602 2854 Sancti
625 2796 705 2852 Petri
729 2797 928 2861 Eboracensis,
953 2796 989 2851 de
1018 2815 1107 2851 manu
1131 2795 1251 2852 Ricardi
1274 2797 1309 2854 de
1332 2797 1433 2873 Meton

213 2891 306 2941 Here·
381 2890 533 2960 praelatam
548 2887 699 2944 ecelesiam
715 2886 978 2956 Hagustaldenscm
1002 2885 1145 2941 liberavit.
1193 2885 1341 2942 Consensn
1364 2905 1433 2958 qno-

210 2957 436 3074 {ffiffiledqnc
460 2979 587 3050 ipsorum
622 2976 837 3042 canonicorum,
861 2975 892 3028 in
924 2975 1065 3046 praedicte
1098 2975 1272 3030 Eboracensi
1303 2977 1432 3043 ecclesia,

211 3089 353 3154 helpsitin
381 3085 470 3122 enam
492 3066 656 3138 portionem
680 3065 715 3120 de
745 3064 894 3120 communi
917 3081 1026 3130 eorum,
1052 3082 1104 3137 pro
1127 3065 1299 3122 liberatione
1323 3057 1432 3138 ipsius,

211 3155 311 3206 various
381 3157 426 3210 illi
457 3157 563 3210 dedit..
591 3155 654 3208 Nec
677 3171 766 3208 mora.
812 3154 922 3210 Eodem
955 3173 1041 3220 anne,
1066 3155 1103 3209 ad
1135 3154 1274 3212 kalendas
1305 3156 1432 3212 Novem-

191 3237 292 3288 ΜΕ·
380 3246 450 3311 bris,
475 3245 558 3298 duxit
581 3242 651 3298 illuc
674 3243 828 3298 canonicos
851 3245 1008 3314 regulares,
1033 3244 1147 3315 quibus,
1172 3261 1238 3300 cum
1271 3245 1330 3301 suis
1365 3263 1434 3300 oon·

381 3333 593 3400 suetudinibus,
616 3339 647 3388 et
669 3351 736 3389 cnm
759 3332 894 3388 omnibus
917 3334 954 3388 ad
968 3351 1033 3388 cam
1055 3333 1280 3406 pertinentibus,
1304 3336 1433 3407 quietam

381 3432 410 3479 et
433 3425 563 3489 liberam,
588 3421 664 3478 sicut
686 3423 747 3494 ipse
771 3439 835 3478 eam
867 3423 899 3477 in
922 3441 974 3478 suo
1009 3423 1139 3478 dominio
1170 3424 1321 3490 habuerat,
1345 3425 1432 3486 cccle-

380 3515 463 3580 siam,
488 3527 562 3570 cum
594 3503 791 3588 quibusdam
815 3504 911 3568 terris
934 3510 968 3568 et
1003 3503 1076 3568 aliis
1098 3505 1367 3589 possessionibus,
1397 3507 1432 3569 in

380 3601 572 3682 perpetuam
597 3593 807 3659 elemosinam
838 3593 940 3670 dedit,
971 3608 1005 3656 at
1036 3602 1192 3674 privilegia
1223 3621 1334 3670 eorum,
1358 3606 1438 3660 facte·

381 3695 417 3748 ab
440 3694 503 3764 ipso
526 3691 751 3764 archiepiscopo,
779 3697 809 3747 et
831 3711 849 3746 a
883 3691 1012 3764 capitulo
1044 3683 1187 3748 ccclesiae
1220 3693 1321 3750 Sancti
1353 3693 1432 3750 Petri

380 3783 570 3839 Eboracensis
593 3787 746 3837 testentur.

426 3872 575 3928 Concessit
597 3889 710 3942 quoquc
742 3869 794 3936 eis,
818 3871 854 3926 ad
886 3870 1024 3925 vestitum
1048 3883 1169 3940 eorum,
1193 3888 1216 3926 e.
1240 3871 1347 3928 solidos
1381 3877 1499 3944 perRic.
1513 3877 1547 3928 of

381 3981 497 4036 annum.
545 3961 632 4016 Dedit
670 3977 782 4032 quoquc
816 3960 857 4014 eis
892 3959 991 4026 libros,
1026 3959 1209 4031 vestimenta,
1244 3966 1275 4016 et
1303 3945 1583 4033 plurimafflfflffl»

275 4037 277 4040 ¹
380 4051 438 4106 alia
461 4053 497 4107 ed
520 4052 651 4106 decorem
675 4050 776 4106 domus
800 4049 856 4105 Dei
877 4047 1055 4116 neccssaria;
1087 4053 1120 4105 et
1141 4049 1167 4106 si
1189 4049 1300 4106 ffiufiue
1334 4025 1466 4108 virme⁰'
1481 4013 1521 4061 10.

380 4147 486 4214 posset,
512 4131 616 4197 multo
643 4141 728 4212 plura
750 4139 884 4196 dedisset.
931 4139 1044 4211 Quippe
1064 4157 1125 4206 cos,
1149 4145 1179 4194 et
1211 4140 1364 4196 ecclesiam
1386 4159 1431 4196 eo-

379 4246 455 4298 rum,
484 4236 626 4304 quantum
659 4230 771 4286 ratione
803 4233 927 4300 poterat,
959 4227 1074 4284 ardenti
1108 4227 1251 4286 desiderio
1283 4231 1432 4287 sullimare

380 4323 566 4394 proponebat.

424 4403 492 4466 Iste
515 4407 675 4486 praesente
698 4399 812 4464 Ulrico
842 4397 1218 4484 presbytero-cardinali,
1242 4401 1343 4485 quie
1377 4401 1432 4466 do-

380 4503 469 4568 miuo
498 4503 647 4568 Paschali
674 4523 760 4588 papa
791 4501 826 4564 in
858 4501 1056 4585 legationem
1081 4501 1213 4587 Angliic
1236 4503 1380 4568 directus
1403 4503 1433 4568 ei

380 4605 517 4692 pellium
551 4627 648 4670 suum
682 4603 850 4679 attulerat,
874 4603 910 4665 in
933 4602 1068 4668 ecclesia
1096 4603 1210 4669 Sancti
1233 4603 1324 4670 Petri
1348 4603 1432 4684 Ebc-

379 4707 513 4784 racensi,
549 4716 711 4786 Turgotum
743 4713 791 4786 qui
825 4714 920 4768 suerat
951 4713 1031 4785 prior
1063 4715 1271 4770 Dunelmensia
1303 4715 1598 4798 ecclesiae}1ugh‚pp,

379 4807 548 4880 episcopum
569 4805 670 4862 Sancti
692 4805 818 4861 Andreas
842 4803 877 4858 dc
902 4803 1000 4860 Scotia
1023 4805 1210 4860 consecravit.
1258 4805 1432 4863 Michaclem
1446 4801 1538 4850 127-8.
