3530 5790
666 905 711 958 ar
734 901 874 958 anonis
896 899 1031 958 sroass.
1127 889 1129 894 ’
1304 887 1368 959 389

314 1095 501 1162 sanctitatis
523 1102 559 1162 et
580 1095 790 1162 abstinentiae
814 1095 997 1163 laudabilis.
1037 1095 1202 1162 Defuncto
1217 1115 1368 1179 namque,

314 1201 352 1260 ut
366 1199 591 1284 praemittitur,
607 1199 788 1265 Thurstino
803 1199 1001 1266 Eboraoensi
1018 1199 1273 1285 archiepiscopo
1290 1219 1366 1264 con-

314 1299 504 1386 vocatisque
527 1301 570 1366 ad
601 1301 791 1366 electionem
824 1301 991 1388 pontificis
1018 1301 1186 1367 canonicis
1221 1300 1365 1366 ecclesiae

315 1399 537 1480 Eboracensis,
553 1402 748 1480 willelmus,
764 1404 911 1488 ejusdem
927 1404 1071 1469 ecclesiae
1087 1403 1314 1468 thesaurarius
1330 1407 1366 1467 et
1379 1411 1534 1464 salvatum

1305 1505 1311 1518 ·
1355 1505 1362 1519 ·
1378 1480 1473 1533 choscn

313 1504 499 1582 canonieus
523 1505 735 1591 exigentibus
758 1506 826 1570 suis
849 1505 986 1582 meritis,
1008 1527 1029 1571 a
1047 1505 1165 1590 majori
1185 1509 1220 1570 et
1242 1527 1365 1571 samon
1378 1549 1449 1598 areh-

146 1598 276 1727 wffieffffii,
312 1597 406 1677 parte
422 1593 459 1658 in
468 1593 749 1680 arehiepiscopum
764 1601 815 1660 est
830 1595 961 1661 electus
990 1605 1061 1660 Erat
1076 1605 1155 1660 enim
1171 1605 1365 1660 strenuissimi
1377 1617 1476 1682 tishop.

146 1747 170 1796 p.
184 1735 241 1782 270.
317 1757 913 1770 -----------

313 1833 437 1902 scilicet
458 1845 586 1901 Hearioo
601 1847 795 1903 Wintoniensi
810 1847 954 1918 episeopo,
970 1851 1105 1919 nepotem
1119 1847 1196 1918 regis
1213 1846 1364 1918 Stephani,

314 1935 474 1990 Henricnm
497 1935 532 1990 dc
557 1936 655 2010 Sodly.
701 1937 760 1992 Hic
782 1938 850 2008 quia
884 1937 1002 2009 praeinit
1035 1936 1158 1992 abbatiae
1183 1936 1364 2002 Gsdamensi,

314 2024 409 2080 noluit
439 2023 573 2080 dominns
605 2025 787 2098 Apostolicus
821 2045 888 2081 enm
922 2027 1059 2098 preferre
1093 2025 1364 2097 archiepiscopatui,

313 2115 371 2168 nisi
393 2115 577 2170 renunciaret
599 2115 688 2186 priori
715 2115 827 2170 honori.
874 2117 995 2180 Iterum,
1024 2133 1121 2170 mense
1156 2114 1300 2180 Jannarii,
1328 2115 1364 2170 de

314 2203 454 2260 electione
476 2209 645 2270 nectarites,
661 2195 873 2271 Willelmum,
897 2195 1043 2281 ejusdem
1059 2193 1209 2270 ¹ecclesia
1232 2194 1364 2260 thesau-
1386 2245 1390 2258 .

313 2296 436 2360 rarinrn
460 2303 495 2361 et
526 2297 729 2374 canonicum,
760 2297 971 2384 exigentibus
1002 2298 1071 2361 suis
1101 2297 1237 2374 meritis
1260 2297 1365 2382 major

313 2403 349 2462 et
371 2399 480 2463 sanior
502 2419 577 2484 pars
593 2399 629 2463 in
651 2398 930 2485 arehiepiscopum
946 2397 1124 2484 elegerunt.
1170 2399 1253 2463 Erat
1275 2399 1364 2464 enirn

314 2501 532 2566 strenuissimi
564 2502 694 2570 comitis
717 2501 873 2566 Herberti
908 2501 996 2565 filius
1031 2523 1073 2566 ex
1105 2501 1225 2566 Emma
1255 2522 1364 2567 sorore

313 2603 399 2690 regis
414 2603 597 2690 Anglorum
614 2603 776 2690 Stephani
798 2603 999 2690 progenitus,
1014 2604 1068 2667 vir
1090 2604 1223 2688 quidem
1245 2627 1364 2691 genere

313 2704 441 2782 nobilis,
465 2706 522 2770 sed
545 2727 673 2770 morum
705 2706 900 2772 excellentia
922 2713 957 2772 et
979 2707 1052 2772 vita
1074 2706 1291 2772 mundissima
1313 2707 1364 2771 in-

312 2807 576 2894 comparabiliter
595 2808 743 2895 insigniii.
789 2817 936 2890 Apparuit
950 2823 1047 2873 autem
1067 2817 1167 2874 eadem
1189 2818 1261 2874 hora
1283 2809 1364 2876 eleo·

312 2911 413 2977 tionis
447 2933 515 2977 suae
542 2911 692 2998 superius
722 2921 753 2975 in
787 2938 852 2976 aero
885 2939 1024 2991 magnum
1059 2922 1175 2993 signam
1198 2923 1291 2977 crucis
1313 2939 1365 2993 per

313 3010 527 3082 longitudinem
549 3017 580 3066 et
603 3008 787 3068 latitudinem
810 3011 938 3066 ecclesiia
963 3010 1062 3066 Sancti
1085 3012 1164 3066 Petri
1187 3016 1364 3082 protensum.

314 3102 447 3169 Interea
472 3125 550 3168 vero
582 3103 741 3168 Osbertus
772 3102 1023 3168 archidiaconus
1056 3103 1280 3178 Eboracensis,
1313 3105 1360 3168 in·

313 3205 413 3272 vidiae
435 3205 571 3271 stimulo
587 3207 742 3292 agitatus,
759 3205 846 3271 facta
868 3206 956 3270 inter
978 3205 1139 3292 eligentes
1154 3205 1363 3282 dissensione,

313 3309 594 3374 confirmationem
626 3307 730 3394 ipsius
765 3308 870 3384 electi,
893 3307 971 3374 licet
992 3309 1035 3372 ab
1067 3308 1219 3373 omnibus
1243 3309 1364 3396 dignus

313 3409 497 3487 haberetur,
534 3410 748 3495 pertinaciter·
786 3409 970 3496 impedivit.
1008 3419 1187 3474 adversatus
1218 3425 1262 3475 est
1296 3420 1364 3474 huic

314 3509 450 3566 electioni
473 3511 612 3580 magister
634 3509 780 3564 Walterns
804 3508 1014 3564 Londoniensis
1037 3527 1103 3564 curn
1127 3509 1211 3564 sociis
1234 3510 1293 3564 suis
1316 3529 1361 3565 co-

314 3599 570 3656 archidiaconibus.
617 3599 791 3654 Perductum
824 3599 920 3669 itaque
954 3598 1078 3653 eloctum
1110 3599 1148 3653 ad
1182 3597 1362 3654 Lineolniam

314 3707 365 3745 rex
381 3688 505 3744 libenter
527 3688 755 3760 suscepissem
779 3689 864 3742 terris
887 3693 917 3743 et
932 3688 1157 3760 possessionibus
1176 3689 1363 3744 Eboraceusis

314 3778 442 3835 ccclesia
465 3795 531 3834 enm
554 3777 744 3834 confirmavit.
802 3777 946 3832 Henricns
977 3795 1045 3832 vero
1069 3777 1277 3832 Wintonicnsis
1303 3779 1362 3850 epi·

314 3887 426 3941 scopus,
459 3869 581 3938 legatus,
598 3869 635 3923 ad
665 3867 846 3923 audientiam
879 3885 961 3938 papas
985 3885 1051 3922 cnm
1085 3867 1200 3922 direxit.
1247 3868 1363 3922 Interea

314 3959 501 4032 appellabant
529 3959 665 4014 adversus
695 3975 761 4012 eum
785 3957 949 4011 Willelmus
979 3955 1066 4012 abbas
1094 3957 1199 4028 Ryvall
1230 3947 1364 4032 primuS,

314 4055 345 4104 et
374 4048 524 4122 Ricardus,
548 4047 635 4102 abbas
666 4045 702 4101 de
726 4046 876 4110 Fontibus,
912 4043 1062 4110 secundus,
1087 4045 1263 4100 Cnthbertns
1285 4047 1364 4116 prior

314 4137 350 4194 de
374 4137 510 4203 Ginhnnr,
533 4133 679 4192 Walterus
701 4135 781 4206 prior
803 4132 839 4188 dc
863 4132 1026 4206 Kyrkham,
1049 4135 1186 4189 videlicet
1209 4135 1285 4205 quod
1308 4149 1362 4211 pe-

313 4217 485 4284 cuniamm
508 4227 660 4298 sponsione
682 4219 828 4280 ambierat
850 4223 887 4276 ad
909 4223 987 4277 hnnc
1009 4222 1156 4278 honorans

357 4315 446 4372 Anno
468 4306 605 4373 Domini
637 4327 743 4372 nonni.
776 4313 916 4369 Willelmi
948 4312 1032 4366 electi
1055 4313 1244 4368 Eboraccnsis
1278 4332 1363 4370 causa

313 4407 413 4464 andita
435 4413 479 4462 est
494 4406 525 4460 in
540 4405 709 4461 consistorio
731 4421 814 4475 papae
836 4401 1009 4458 Innocentii.
1055 4401 1151 4457 affuit
1173 4407 1203 4457 et
1225 4405 1364 4474 magister

314 4497 458 4554 Walterus
482 4495 603 4550 London
633 4513 693 4566 prae
725 4493 859 4548 manibus
893 4492 1014 4562 scriptas
1048 4509 1151 4562 gerens
1175 4492 1363 4562 allegationes

313 4587 502 4642 abbatemet
525 4586 653 4657 priorum
676 4585 707 4639 in
731 4601 806 4639 eum.
845 4579 974 4638 Tandem
997 4580 1097 4636 datum
1119 4587 1164 4636 est
1186 4588 1363 4656 praeceptum

312 4679 347 4730 nt
376 4675 408 4730 in
437 4675 591 4730 Dominica
622 4673 708 4729 tertia
739 4671 973 4744 Quadragesimae
1007 4672 1138 4743 sequenti
1170 4689 1247 4727 anno
1279 4687 1365 4745 snper

312 4755 492 4844 qnoestlone
514 4764 580 4830 hac,
603 4769 633 4819 ct
655 4763 704 4835 qui
727 4767 798 4818 tnnc
819 4763 964 4818 affuerant
985 4761 1055 4817 illno
1077 4761 1274 4817 convenirent.

358 4855 446 4911 Anno
484 4845 617 4910 Domini
654 4857 799 4918 urxr.1u.⁰‚
835 4851 991 4907 secundum
1024 4856 1153 4908 tenorem
1185 4841 1365 4927 Apostolioi
