<?xml version="1.0" encoding="UTF-8"?>
<!DOCTYPE html PUBLIC "-//W3C//DTD XHTML 1.0 Transitional//EN"
    "http://www.w3.org/TR/xhtml1/DTD/xhtml1-transitional.dtd">
<html xmlns="http://www.w3.org/1999/xhtml" xml:lang="en" lang="en">
 <head>
  <title>
</title>
<meta http-equiv="Content-Type" content="text/html;charset=utf-8" />
  <meta name='ocr-system' content='tesseract 3.04.00' />
  <meta name='ocr-capabilities' content='ocr_page ocr_carea ocr_par ocr_line ocrx_word'/>
</head>
<body>
  <div class='ocr_page' id='page_1' title='image "./historianschurc00raingoog/historianschurc00raingoog_0349.png"; bbox 0 0 3606 5798; ppageno 0'>
   <div class='ocr_carea' id='block_1_1' title="bbox 629 849 1341 920">
    <p class='ocr_par' dir='ltr' id='par_1_1' title="bbox 629 849 1341 920">
     <span class='ocr_line' id='line_1_1' title="bbox 629 849 1341 920; baseline 0.003 -4"><span class='ocrx_word' id='word_1_1' title='bbox 629 866 848 918; x_wconf 81' lang='lat' dir='ltr'>xncxarsxor</span> <span class='ocrx_word' id='word_1_2' title='bbox 870 865 1006 917; x_wconf 79' lang='lat' dir='ltr'>sonora.</span> <span class='ocrx_word' id='word_1_3' title='bbox 1276 849 1341 920; x_wconf 88' lang='grc'>307</span> 
     </span>
    </p>
   </div>
   <div class='ocr_carea' id='block_1_2' title="bbox 286 1053 1502 2980">
    <p class='ocr_par' dir='ltr' id='par_1_2' title="bbox 286 1053 1338 1140">
     <span class='ocr_line' id='line_1_2' title="bbox 286 1053 1338 1140; baseline 0.001 -24"><span class='ocrx_word' id='word_1_4' title='bbox 286 1059 304 1084; x_wconf 85' lang='grc'>“</span> <span class='ocrx_word' id='word_1_5' title='bbox 322 1053 435 1136; x_wconf 89' lang='lat' dir='ltr'>justus</span> <span class='ocrx_word' id='word_1_6' title='bbox 459 1060 493 1116; x_wconf 92' lang='lat' dir='ltr'>et</span> <span class='ocrx_word' id='word_1_7' title='bbox 516 1075 615 1118; x_wconf 87' lang='lat' dir='ltr'>verus</span> <span class='ocrx_word' id='word_1_8' title='bbox 638 1056 701 1120; x_wconf 87' lang='lat' dir='ltr'>scit</span> <span class='ocrx_word' id='word_1_9' title='bbox 724 1077 775 1119; x_wconf 92' lang='lat' dir='ltr'>me</span> <span class='ocrx_word' id='word_1_10' title='bbox 807 1077 978 1140; x_wconf 89' lang='lat' dir='ltr'>nunquam</span> <span class='ocrx_word' id='word_1_11' title='bbox 1009 1053 1190 1118; x_wconf 77' lang='lat' dir='ltr'>intendisse</span> <span class='ocrx_word' id='word_1_12' title='bbox 1213 1054 1338 1118; x_wconf 89' lang='lat' dir='ltr'>malurn</span> 
     </span>
    </p>

    <p class='ocr_par' dir='ltr' id='par_1_3' title="bbox 286 1157 1502 1855">
     <span class='ocr_line' id='line_1_3' title="bbox 287 1157 1493 1250; baseline 0.001 -30"><span class='ocrx_word' id='word_1_13' title='bbox 287 1165 303 1188; x_wconf 82' lang='lat'>‘¹</span> <span class='ocrx_word' id='word_1_14' title='bbox 327 1161 442 1220; x_wconf 91' lang='lat' dir='ltr'>contra</span> <span class='ocrx_word' id='word_1_15' title='bbox 465 1179 637 1243; x_wconf 80' lang='lat' dir='ltr'>personam</span> <span class='ocrx_word' id='word_1_16' title='bbox 662 1160 747 1245; x_wconf 86' lang='lat' dir='ltr'>regis</span> <span class='ocrx_word' id='word_1_17' title='bbox 770 1181 860 1224; x_wconf 91' lang='lat' dir='ltr'>nunc</span> <span class='ocrx_word' id='word_1_18' title='bbox 883 1159 1021 1223; x_wconf 89' lang='lat' dir='ltr'>Henrici</span> <span class='ocrx_word' id='word_1_19' title='bbox 1048 1157 1195 1237; x_wconf 79' lang='lat' dir='ltr'>Quarti.’&#39;</span> <span class='ocrx_word' id='word_1_20' title='bbox 1242 1157 1338 1240; x_wconf 79' lang='lat' dir='ltr'>(Qui-</span> <span class='ocrx_word' id='word_1_21' title='bbox 1353 1157 1493 1250; x_wconf 57' lang='lat' dir='ltr'>&#39;lusarch-</span> 
     </span>
     <span class='ocr_line' id='line_1_4' title="bbox 287 1223 1501 1352; baseline 0.002 -30"><span class='ocrx_word' id='word_1_22' title='bbox 287 1259 348 1322; x_wconf 91' lang='lat' dir='ltr'>bus</span> <span class='ocrx_word' id='word_1_23' title='bbox 372 1259 483 1322; x_wconf 90' lang='lat' dir='ltr'>verbis</span> <span class='ocrx_word' id='word_1_24' title='bbox 505 1259 742 1346; x_wconf 87' lang='lat' dir='ltr'>archiepiscopi</span> <span class='ocrx_word' id='word_1_25' title='bbox 766 1267 861 1346; x_wconf 87' lang='lat' dir='ltr'>patet</span> <span class='ocrx_word' id='word_1_26' title='bbox 884 1282 1089 1326; x_wconf 90' lang='lat' dir='ltr'>communem</span> <span class='ocrx_word' id='word_1_27' title='bbox 1113 1260 1234 1324; x_wconf 87' lang='lat' dir='ltr'>famam</span> <span class='ocrx_word' id='word_1_28' title='bbox 1258 1223 1501 1352; x_wconf 52' lang='lat' dir='ltr'>tunciffilssl’ssad</span> 
     </span>
     <span class='ocr_line' id='line_1_5' title="bbox 286 1357 1485 1471; baseline 0.003 -48"><span class='ocrx_word' id='word_1_29' title='bbox 286 1360 386 1424; x_wconf 87' lang='lat' dir='ltr'>fuisse</span> <span class='ocrx_word' id='word_1_30' title='bbox 410 1360 541 1446; x_wconf 91' lang='lat' dir='ltr'>ubique.</span> <span class='ocrx_word' id='word_1_31' title='bbox 588 1361 737 1428; x_wconf 75' lang='lat' dir='ltr'>Intentio</span> <span class='ocrx_word' id='word_1_32' title='bbox 761 1369 873 1428; x_wconf 83' lang='lat' dir='ltr'>tamen</span> <span class='ocrx_word' id='word_1_33' title='bbox 898 1362 1133 1448; x_wconf 89' lang='lat' dir='ltr'>archiepiscopi</span> <span class='ocrx_word' id='word_1_34' title='bbox 1157 1362 1225 1425; x_wconf 87' lang='lat' dir='ltr'>fuit</span> <span class='ocrx_word' id='word_1_35' title='bbox 1247 1363 1338 1426; x_wconf 89' lang='lat' dir='ltr'>adire</span> <span class='ocrx_word' id='word_1_36' title='bbox 1350 1357 1414 1469; x_wconf 49' lang='lat' dir='ltr'>{³⁰⁶ss</span> <span class='ocrx_word' id='word_1_37' title='bbox 1427 1373 1464 1406; x_wconf 79' lang='lat' dir='ltr'>re·</span> <span class='ocrx_word' id='word_1_38' title='bbox 1469 1425 1485 1471; x_wconf 70' lang='lat' dir='ltr'>d</span> 
     </span>
     <span class='ocr_line' id='line_1_6' title="bbox 287 1437 1490 1549; baseline 0.002 -26"><span class='ocrx_word' id='word_1_39' title='bbox 287 1483 396 1546; x_wconf 85' lang='lat' dir='ltr'>regem</span> <span class='ocrx_word' id='word_1_40' title='bbox 419 1483 494 1526; x_wconf 91' lang='lat' dir='ltr'>cum</span> <span class='ocrx_word' id='word_1_41' title='bbox 514 1463 641 1528; x_wconf 84' lang='lat' dir='ltr'>caeteris</span> <span class='ocrx_word' id='word_1_42' title='bbox 664 1465 815 1540; x_wconf 87' lang='lat' dir='ltr'>dominis,</span> <span class='ocrx_word' id='word_1_43' title='bbox 832 1465 887 1549; x_wconf 90' lang='lat' dir='ltr'>qui</span> <span class='ocrx_word' id='word_1_44' title='bbox 912 1464 1038 1529; x_wconf 91' lang='lat' dir='ltr'>adhoc</span> <span class='ocrx_word' id='word_1_45' title='bbox 1053 1469 1337 1549; x_wconf 74' lang='lat' dir='ltr'>congregarentur,</span> <span class='ocrx_word' id='word_1_46' title='bbox 1350 1437 1490 1540; x_wconf 51' lang='lat' dir='ltr'>ffiffld</span> 
     </span>
     <span class='ocr_line' id='line_1_7' title="bbox 287 1555 1502 1670; baseline 0.003 -45"><span class='ocrx_word' id='word_1_47' title='bbox 287 1569 326 1626; x_wconf 91' lang='lat' dir='ltr'>ut</span> <span class='ocrx_word' id='word_1_48' title='bbox 353 1569 480 1648; x_wconf 86' lang='lat' dir='ltr'>peteret</span> <span class='ocrx_word' id='word_1_49' title='bbox 513 1587 533 1629; x_wconf 92' lang='lat' dir='ltr'>a</span> <span class='ocrx_word' id='word_1_50' title='bbox 567 1587 641 1652; x_wconf 87' lang='lat' dir='ltr'>rege</span> <span class='ocrx_word' id='word_1_51' title='bbox 676 1566 941 1632; x_wconf 76' lang='lat' dir='ltr'>reformationem</span> <span class='ocrx_word' id='word_1_52' title='bbox 974 1565 1135 1630; x_wconf 85' lang='lat' dir='ltr'>malorum</span> <span class='ocrx_word' id='word_1_53' title='bbox 1168 1565 1203 1628; x_wconf 90' lang='lat' dir='ltr'>in</span> <span class='ocrx_word' id='word_1_54' title='bbox 1238 1587 1337 1650; x_wconf 88' lang='lat' dir='ltr'>regno</span> <span class='ocrx_word' id='word_1_55' title='bbox 1350 1555 1502 1670; x_wconf 57' lang='lat' dir='ltr'>oicliioixio</span> 
     </span>
     <span class='ocr_line' id='line_1_8' title="bbox 288 1637 1474 1753; baseline 0.006 -23"><span class='ocrx_word' id='word_1_56' title='bbox 288 1671 369 1732; x_wconf 88' lang='lat' dir='ltr'>tunc</span> <span class='ocrx_word' id='word_1_57' title='bbox 395 1668 609 1732; x_wconf 89' lang='lat' dir='ltr'>existentium</span> <span class='ocrx_word' id='word_1_58' title='bbox 630 1693 638 1748; x_wconf 92' lang='lat'>;</span> <span class='ocrx_word' id='word_1_59' title='bbox 660 1669 740 1753; x_wconf 87' lang='lat' dir='ltr'>quia</span> <span class='ocrx_word' id='word_1_60' title='bbox 771 1672 851 1733; x_wconf 91' lang='lat' dir='ltr'>tunc</span> <span class='ocrx_word' id='word_1_61' title='bbox 874 1673 969 1732; x_wconf 85' lang='lat' dir='ltr'>erant</span> <span class='ocrx_word' id='word_1_62' title='bbox 1001 1667 1217 1732; x_wconf 77' lang='lat' dir='ltr'>dissensiones</span> <span class='ocrx_word' id='word_1_63' title='bbox 1250 1637 1474 1738; x_wconf 60' lang='lat' dir='ltr'>interiecureit„</span> 
     </span>
     <span class='ocr_line' id='line_1_9' title="bbox 288 1769 1336 1855; baseline 0.003 -23"><span class='ocrx_word' id='word_1_64' title='bbox 288 1769 446 1844; x_wconf 88' lang='lat' dir='ltr'>dominos,</span> <span class='ocrx_word' id='word_1_65' title='bbox 480 1774 514 1834; x_wconf 91' lang='lat' dir='ltr'>et</span> <span class='ocrx_word' id='word_1_66' title='bbox 544 1770 728 1855; x_wconf 86' lang='lat' dir='ltr'>specialiter</span> <span class='ocrx_word' id='word_1_67' title='bbox 760 1772 847 1834; x_wconf 91' lang='lat' dir='ltr'>inter</span> <span class='ocrx_word' id='word_1_68' title='bbox 879 1770 1049 1834; x_wconf 88' lang='lat' dir='ltr'>dominum</span> <span class='ocrx_word' id='word_1_69' title='bbox 1074 1770 1187 1834; x_wconf 91' lang='lat' dir='ltr'>Nevill</span> <span class='ocrx_word' id='word_1_70' title='bbox 1219 1777 1254 1834; x_wconf 89' lang='lat' dir='ltr'>et</span> <span class='ocrx_word' id='word_1_71' title='bbox 1285 1792 1336 1835; x_wconf 90' lang='lat' dir='ltr'>co-</span> 
     </span>
    </p>

    <p class='ocr_par' dir='ltr' id='par_1_4' title="bbox 289 1871 1338 1957">
     <span class='ocr_line' id='line_1_10' title="bbox 289 1871 1338 1957; baseline 0.001 -23"><span class='ocrx_word' id='word_1_72' title='bbox 289 1871 404 1935; x_wconf 90' lang='lat' dir='ltr'>mitem</span> <span class='ocrx_word' id='word_1_73' title='bbox 421 1871 657 1936; x_wconf 87' lang='lat' dir='ltr'>Marescallum.</span> <span class='ocrx_word' id='word_1_74' title='bbox 697 1871 806 1951; x_wconf 79' lang='lat' dir='ltr'>Quare</span> <span class='ocrx_word' id='word_1_75' title='bbox 827 1871 1090 1956; x_wconf 84' lang='lat' dir='ltr'>archiepiscopus</span> <span class='ocrx_word' id='word_1_76' title='bbox 1106 1871 1194 1936; x_wconf 82' lang='lat' dir='ltr'>dixit</span> <span class='ocrx_word' id='word_1_77' title='bbox 1216 1873 1338 1957; x_wconf 90' lang='lat' dir='ltr'>populo</span> 
     </span>
    </p>

    <p class='ocr_par' dir='ltr' id='par_1_5' title="bbox 289 1973 1483 2260">
     <span class='ocr_line' id='line_1_11' title="bbox 289 1973 1483 2059; baseline 0 -25"><span class='ocrx_word' id='word_1_78' title='bbox 289 1993 348 2036; x_wconf 88' lang='lat' dir='ltr'>suo</span> <span class='ocrx_word' id='word_1_79' title='bbox 371 1973 514 2057; x_wconf 88' lang='lat' dir='ltr'>seipsum</span> <span class='ocrx_word' id='word_1_80' title='bbox 538 1973 686 2058; x_wconf 89' lang='lat' dir='ltr'>equitare</span> <span class='ocrx_word' id='word_1_81' title='bbox 709 1995 784 2038; x_wconf 89' lang='lat' dir='ltr'>cum</span> <span class='ocrx_word' id='word_1_82' title='bbox 812 1973 1050 2056; x_wconf 90' lang='lat' dir='ltr'>multitudine.)</span> <span class='ocrx_word' id='word_1_83' title='bbox 1099 1974 1142 2037; x_wconf 88' lang='lat' dir='ltr'>Et</span> <span class='ocrx_word' id='word_1_84' title='bbox 1158 1979 1233 2059; x_wconf 90' lang='lat' dir='ltr'>post</span> <span class='ocrx_word' id='word_1_85' title='bbox 1255 1996 1337 2059; x_wconf 78' lang='lat' dir='ltr'>prae-</span> <span class='ocrx_word' id='word_1_86' title='bbox 1352 1985 1393 2033; x_wconf 82' lang='lat' dir='ltr'>He</span> <span class='ocrx_word' id='word_1_87' title='bbox 1406 2001 1483 2050; x_wconf 74' lang='lat' dir='ltr'>prays</span> 
     </span>
     <span class='ocr_line' id='line_1_12' title="bbox 290 2051 1445 2182; baseline 0.003 -46"><span class='ocrx_word' id='word_1_88' title='bbox 290 2072 379 2137; x_wconf 89' lang='lat' dir='ltr'>dicta</span> <span class='ocrx_word' id='word_1_89' title='bbox 402 2073 503 2138; x_wconf 90' lang='lat' dir='ltr'>verba</span> <span class='ocrx_word' id='word_1_90' title='bbox 525 2073 613 2137; x_wconf 82' lang='lat' dir='ltr'>dixit</span> <span class='ocrx_word' id='word_1_91' title='bbox 635 2075 755 2160; x_wconf 78' lang='lat' dir='ltr'>saepius</span> <span class='ocrx_word' id='word_1_92' title='bbox 786 2075 1095 2140; x_wconf 87' lang='lat' dir='ltr'>circumstantibus:</span> <span class='ocrx_word' id='word_1_93' title='bbox 1129 2075 1276 2152; x_wconf 88' lang='lat' dir='ltr'>“Oretis,</span> <span class='ocrx_word' id='word_1_94' title='bbox 1300 2051 1445 2182; x_wconf 49' lang='lat' dir='ltr'>utffissgh‘*</span> 
     </span>
     <span class='ocr_line' id='line_1_13' title="bbox 291 2173 1338 2260; baseline 0.004 -22"><span class='ocrx_word' id='word_1_95' title='bbox 291 2183 307 2206; x_wconf 87' lang='lat'>“</span> <span class='ocrx_word' id='word_1_96' title='bbox 331 2174 422 2239; x_wconf 88' lang='lat' dir='ltr'>Deus</span> <span class='ocrx_word' id='word_1_97' title='bbox 456 2173 675 2260; x_wconf 83' lang='lat' dir='ltr'>Omnipotens</span> <span class='ocrx_word' id='word_1_98' title='bbox 710 2199 777 2241; x_wconf 89' lang='lat' dir='ltr'>non</span> <span class='ocrx_word' id='word_1_99' title='bbox 809 2177 957 2242; x_wconf 88' lang='lat' dir='ltr'>vindicet</span> <span class='ocrx_word' id='word_1_100' title='bbox 991 2183 1129 2243; x_wconf 89' lang='lat' dir='ltr'>mortem</span> <span class='ocrx_word' id='word_1_101' title='bbox 1161 2200 1268 2244; x_wconf 89' lang='lat' dir='ltr'>meam</span> <span class='ocrx_word' id='word_1_102' title='bbox 1303 2179 1338 2242; x_wconf 89' lang='lat' dir='ltr'>in</span> 
     </span>
    </p>

    <p class='ocr_par' dir='ltr' id='par_1_6' title="bbox 292 2277 1481 2774">
     <span class='ocr_line' id='line_1_14' title="bbox 292 2277 1337 2366; baseline 0.006 -26"><span class='ocrx_word' id='word_1_103' title='bbox 292 2285 308 2309; x_wconf 87' lang='lat'>‘⁴</span> <span class='ocrx_word' id='word_1_104' title='bbox 332 2299 407 2363; x_wconf 88' lang='lat' dir='ltr'>rege</span> <span class='ocrx_word' id='word_1_105' title='bbox 430 2298 490 2342; x_wconf 92' lang='lat' dir='ltr'>nec</span> <span class='ocrx_word' id='word_1_106' title='bbox 513 2279 549 2341; x_wconf 92' lang='lat' dir='ltr'>in</span> <span class='ocrx_word' id='word_1_107' title='bbox 572 2277 667 2342; x_wconf 90' lang='lat' dir='ltr'>suis.’&#39;</span> <span class='ocrx_word' id='word_1_108' title='bbox 714 2278 796 2357; x_wconf 73' lang='lat' dir='ltr'>Quae</span> <span class='ocrx_word' id='word_1_109' title='bbox 820 2281 922 2344; x_wconf 87' lang='lat' dir='ltr'>verba</span> <span class='ocrx_word' id='word_1_110' title='bbox 944 2302 1030 2365; x_wconf 72' lang='lat' dir='ltr'>srepe</span> <span class='ocrx_word' id='word_1_111' title='bbox 1058 2281 1201 2365; x_wconf 90' lang='lat' dir='ltr'>repetiit,</span> <span class='ocrx_word' id='word_1_112' title='bbox 1224 2281 1337 2366; x_wconf 90' lang='lat' dir='ltr'>depre-</span> 
     </span>
     <span class='ocr_line' id='line_1_15' title="bbox 292 2379 1339 2468; baseline 0.003 -25"><span class='ocrx_word' id='word_1_113' title='bbox 292 2379 396 2443; x_wconf 86' lang='lat' dir='ltr'>cando</span> <span class='ocrx_word' id='word_1_114' title='bbox 419 2379 517 2442; x_wconf 91' lang='lat' dir='ltr'>simul</span> <span class='ocrx_word' id='word_1_115' title='bbox 541 2381 800 2466; x_wconf 83' lang='lat' dir='ltr'>prothomartyri</span> <span class='ocrx_word' id='word_1_116' title='bbox 824 2381 1003 2466; x_wconf 85' lang='lat' dir='ltr'>Stephano,</span> <span class='ocrx_word' id='word_1_117' title='bbox 1027 2383 1083 2467; x_wconf 87' lang='lat' dir='ltr'>qui</span> <span class='ocrx_word' id='word_1_118' title='bbox 1106 2403 1166 2468; x_wconf 92' lang='lat' dir='ltr'>pro</span> <span class='ocrx_word' id='word_1_119' title='bbox 1189 2383 1339 2468; x_wconf 90' lang='lat' dir='ltr'>lapidan-</span> 
     </span>
     <span class='ocr_line' id='line_1_16' title="bbox 292 2482 1481 2568; baseline 0.004 -22"><span class='ocrx_word' id='word_1_120' title='bbox 292 2482 382 2546; x_wconf 85' lang='lat' dir='ltr'>tibus</span> <span class='ocrx_word' id='word_1_121' title='bbox 405 2482 599 2568; x_wconf 87' lang='lat' dir='ltr'>deprecatus</span> <span class='ocrx_word' id='word_1_122' title='bbox 621 2488 679 2547; x_wconf 88' lang='lat' dir='ltr'>est.</span> <span class='ocrx_word' id='word_1_123' title='bbox 727 2483 772 2546; x_wconf 91' lang='lat' dir='ltr'>Et</span> <span class='ocrx_word' id='word_1_124' title='bbox 804 2489 918 2568; x_wconf 90' lang='lat' dir='ltr'>postea</span> <span class='ocrx_word' id='word_1_125' title='bbox 941 2485 1053 2549; x_wconf 88' lang='lat' dir='ltr'>eadem</span> <span class='ocrx_word' id='word_1_126' title='bbox 1078 2485 1140 2560; x_wconf 91' lang='lat' dir='ltr'>die,</span> <span class='ocrx_word' id='word_1_127' title='bbox 1164 2487 1250 2551; x_wconf 90' lang='lat' dir='ltr'>circa</span> <span class='ocrx_word' id='word_1_128' title='bbox 1273 2509 1339 2550; x_wconf 89' lang='lat' dir='ltr'>me-</span> <span class='ocrx_word' id='word_1_129' title='bbox 1354 2486 1394 2535; x_wconf 74' lang='lat' dir='ltr'>Ire</span> <span class='ocrx_word' id='word_1_130' title='bbox 1408 2486 1481 2538; x_wconf 74' lang='lat' dir='ltr'>isles</span> 
     </span>
     <span class='ocr_line' id='line_1_17' title="bbox 292 2561 1480 2671; baseline 0.006 -24"><span class='ocrx_word' id='word_1_131' title='bbox 292 2585 418 2662; x_wconf 88' lang='lat' dir='ltr'>ridiem,</span> <span class='ocrx_word' id='word_1_132' title='bbox 434 2585 553 2650; x_wconf 89' lang='lat' dir='ltr'>ductus</span> <span class='ocrx_word' id='word_1_133' title='bbox 568 2591 618 2650; x_wconf 90' lang='lat' dir='ltr'>est</span> <span class='ocrx_word' id='word_1_134' title='bbox 633 2607 731 2671; x_wconf 90' lang='lat' dir='ltr'>supcr</span> <span class='ocrx_word' id='word_1_135' title='bbox 754 2608 875 2671; x_wconf 91' lang='lat' dir='ltr'>equum</span> <span class='ocrx_word' id='word_1_136' title='bbox 897 2585 1018 2651; x_wconf 88' lang='lat' dir='ltr'>valoris</span> <span class='ocrx_word' id='word_1_137' title='bbox 1039 2587 1082 2650; x_wconf 91' lang='lat' dir='ltr'>xl.</span> <span class='ocrx_word' id='word_1_138' title='bbox 1100 2588 1139 2664; x_wconf 87' lang='lat' dir='ltr'>d,</span> <span class='ocrx_word' id='word_1_139' title='bbox 1156 2588 1227 2652; x_wconf 89' lang='lat' dir='ltr'>sinc</span> <span class='ocrx_word' id='word_1_140' title='bbox 1242 2587 1323 2653; x_wconf 84' lang='lat' dir='ltr'>sella</span> <span class='ocrx_word' id='word_1_141' title='bbox 1335 2561 1480 2670; x_wconf 53' lang='lat' dir='ltr'>3li21⁹ff⁰⁰¹¹&#39;</span> 
     </span>
     <span class='ocr_line' id='line_1_18' title="bbox 293 2683 1341 2774; baseline 0.003 -23"><span class='ocrx_word' id='word_1_142' title='bbox 293 2693 327 2751; x_wconf 89' lang='lat' dir='ltr'>et</span> <span class='ocrx_word' id='word_1_143' title='bbox 359 2687 482 2773; x_wconf 85' lang='lat' dir='ltr'>gratias</span> <span class='ocrx_word' id='word_1_144' title='bbox 516 2709 625 2772; x_wconf 85' lang='lat' dir='ltr'>agens,</span> <span class='ocrx_word' id='word_1_145' title='bbox 648 2688 736 2752; x_wconf 88' lang='lat' dir='ltr'>dixit</span> <span class='ocrx_word' id='word_1_146' title='bbox 767 2689 852 2774; x_wconf 90' lang='lat' dir='ltr'>quod</span> <span class='ocrx_word' id='word_1_147' title='bbox 877 2689 1088 2774; x_wconf 90' lang='lat' dir='ltr'>“Nunquam</span> <span class='ocrx_word' id='word_1_148' title='bbox 1112 2683 1341 2774; x_wconf 66' lang='lat' dir='ltr'>placuit&#39;mihi</span> 
     </span>
    </p>

    <p class='ocr_par' dir='ltr' id='par_1_7' title="bbox 293 2789 1491 2980">
     <span class='ocr_line' id='line_1_19' title="bbox 294 2789 1340 2878; baseline 0.004 -26"><span class='ocrx_word' id='word_1_149' title='bbox 294 2799 310 2823; x_wconf 90' lang='lat'><strong>“</strong></span> <span class='ocrx_word' id='word_1_150' title='bbox 333 2789 577 2878; x_wconf 76' lang='lat' dir='ltr'>meliusequus</span> <span class='ocrx_word' id='word_1_151' title='bbox 600 2811 699 2874; x_wconf 88' lang='lat' dir='ltr'>quam</span> <span class='ocrx_word' id='word_1_152' title='bbox 730 2790 792 2854; x_wconf 89' lang='lat' dir='ltr'>iste</span> <span class='ocrx_word' id='word_1_153' title='bbox 816 2790 951 2875; x_wconf 90' lang='lat' dir='ltr'>placet.”</span> <span class='ocrx_word' id='word_1_154' title='bbox 998 2790 1042 2853; x_wconf 85' lang='lat' dir='ltr'>Et</span> <span class='ocrx_word' id='word_1_155' title='bbox 1073 2790 1248 2870; x_wconf 89' lang='lat' dir='ltr'>Psalmum,</span> <span class='ocrx_word' id='word_1_156' title='bbox 1272 2793 1340 2856; x_wconf 77' lang='lat' dir='ltr'>Em-</span> 
     </span>
     <span class='ocr_line' id='line_1_20' title="bbox 293 2891 1491 2980; baseline 0.003 -25"><span class='ocrx_word' id='word_1_157' title='bbox 293 2891 389 2968; x_wconf 80' lang='lat' dir='ltr'>uuslc&#39;,</span> <span class='ocrx_word' id='word_1_158' title='bbox 412 2891 609 2968; x_wconf 80' lang='lat' dir='ltr'>secundom,</span> <span class='ocrx_word' id='word_1_159' title='bbox 632 2892 830 2968; x_wconf 88' lang='lat' dir='ltr'>decantavit,</span> <span class='ocrx_word' id='word_1_160' title='bbox 855 2893 902 2956; x_wconf 90' lang='lat' dir='ltr'>sic</span> <span class='ocrx_word' id='word_1_161' title='bbox 925 2892 1104 2977; x_wconf 85' lang='lat' dir='ltr'>equitando</span> <span class='ocrx_word' id='word_1_162' title='bbox 1139 2917 1213 2958; x_wconf 92' lang='lat' dir='ltr'>cum</span> <span class='ocrx_word' id='word_1_163' title='bbox 1236 2895 1340 2980; x_wconf 84' lang='lat' dir='ltr'>capis-</span> <span class='ocrx_word' id='word_1_164' title='bbox 1355 2892 1491 2945; x_wconf 77' lang='lat' dir='ltr'>Hisoress.</span> 
     </span>
    </p>
   </div>
   <div class='ocr_carea' id='block_1_3' title="bbox 124 2993 1343 3382">
    <p class='ocr_par' dir='ltr' id='par_1_8' title="bbox 124 2993 1343 3382">
     <span class='ocr_line' id='line_1_21' title="bbox 293 2993 1341 3080; baseline 0 -22"><span class='ocrx_word' id='word_1_165' title='bbox 293 3000 345 3058; x_wconf 93' lang='lat' dir='ltr'>tro</span> <span class='ocrx_word' id='word_1_166' title='bbox 368 2998 403 3058; x_wconf 92' lang='lat' dir='ltr'>et</span> <span class='ocrx_word' id='word_1_167' title='bbox 426 2994 461 3056; x_wconf 94' lang='lat' dir='ltr'>in</span> <span class='ocrx_word' id='word_1_168' title='bbox 484 2993 595 3059; x_wconf 91' lang='lat' dir='ltr'>blodia</span> <span class='ocrx_word' id='word_1_169' title='bbox 617 2993 761 3057; x_wconf 82' lang='lat' dir='ltr'>chimera</span> <span class='ocrx_word' id='word_1_170' title='bbox 784 2998 818 3057; x_wconf 90' lang='lat' dir='ltr'>et</span> <span class='ocrx_word' id='word_1_171' title='bbox 848 2993 985 3058; x_wconf 89' lang='lat' dir='ltr'>manicis</span> <span class='ocrx_word' id='word_1_172' title='bbox 1020 2994 1171 3060; x_wconf 75' lang='lat' dir='ltr'>chimerae</span> <span class='ocrx_word' id='word_1_173' title='bbox 1195 2995 1341 3080; x_wconf 88' lang='lat' dir='ltr'>ejusdem</span> 
     </span>
     <span class='ocr_line' id='line_1_22' title="bbox 293 3094 1343 3182; baseline -0.001 -21"><span class='ocrx_word' id='word_1_174' title='bbox 293 3095 410 3161; x_wconf 87' lang='lat' dir='ltr'>coloris</span> <span class='ocrx_word' id='word_1_175' title='bbox 432 3094 659 3159; x_wconf 84' lang='lat' dir='ltr'>existentibus.</span> <span class='ocrx_word' id='word_1_176' title='bbox 710 3094 840 3158; x_wconf 85' lang='lat' dir='ltr'>Vestem</span> <span class='ocrx_word' id='word_1_177' title='bbox 864 3099 974 3158; x_wconf 79' lang='lat' dir='ltr'>tamen</span> <span class='ocrx_word' id='word_1_178' title='bbox 999 3095 1130 3172; x_wconf 89' lang='lat' dir='ltr'>lineam,</span> <span class='ocrx_word' id='word_1_179' title='bbox 1153 3119 1219 3182; x_wconf 87' lang='lat' dir='ltr'>qua</span> <span class='ocrx_word' id='word_1_180' title='bbox 1242 3102 1343 3161; x_wconf 90' lang='lat' dir='ltr'>utun·</span> 
     </span>
     <span class='ocr_line' id='line_1_23' title="bbox 295 3194 1342 3282; baseline 0.003 -22"><span class='ocrx_word' id='word_1_181' title='bbox 295 3203 351 3261; x_wconf 88' lang='lat' dir='ltr'>tur</span> <span class='ocrx_word' id='word_1_182' title='bbox 373 3197 524 3282; x_wconf 89' lang='lat' dir='ltr'>episcopi,</span> <span class='ocrx_word' id='word_1_183' title='bbox 546 3217 613 3259; x_wconf 90' lang='lat' dir='ltr'>non</span> <span class='ocrx_word' id='word_1_184' title='bbox 636 3195 791 3259; x_wconf 86' lang='lat' dir='ltr'>sinebant</span> <span class='ocrx_word' id='word_1_185' title='bbox 813 3194 1091 3282; x_wconf 87' lang='lat' dir='ltr'>archiepiscopum</span> <span class='ocrx_word' id='word_1_186' title='bbox 1116 3198 1175 3262; x_wconf 91' lang='lat' dir='ltr'>uti.</span> <span class='ocrx_word' id='word_1_187' title='bbox 1222 3199 1266 3262; x_wconf 87' lang='lat' dir='ltr'>Et</span> <span class='ocrx_word' id='word_1_188' title='bbox 1287 3200 1342 3275; x_wconf 90' lang='lat' dir='ltr'>sic,</span> 
     </span>
     <span class='ocr_line' id='line_1_24' title="bbox 124 3295 1338 3382; baseline 0.002 -22"><span class='ocrx_word' id='word_1_189' title='bbox 124 3296 195 3371; x_wconf 55' lang='grc' dir='ltr'>ΑΨ</span> <span class='ocrx_word' id='word_1_190' title='bbox 205 3297 275 3360; x_wconf 76' lang='lat' dir='ltr'>Arr-</span> <span class='ocrx_word' id='word_1_191' title='bbox 294 3319 369 3363; x_wconf 89' lang='lat' dir='ltr'>cum</span> <span class='ocrx_word' id='word_1_192' title='bbox 385 3297 508 3382; x_wconf 91' lang='lat' dir='ltr'>capicio</span> <span class='ocrx_word' id='word_1_193' title='bbox 526 3295 664 3381; x_wconf 86' lang='lat' dir='ltr'>jacincti</span> <span class='ocrx_word' id='word_1_194' title='bbox 680 3295 804 3372; x_wconf 90' lang='lat' dir='ltr'>coloris,</span> <span class='ocrx_word' id='word_1_195' title='bbox 820 3296 891 3360; x_wconf 89' lang='lat' dir='ltr'>sive</span> <span class='ocrx_word' id='word_1_196' title='bbox 908 3297 1087 3362; x_wconf 87' lang='lat' dir='ltr'>consimilis</span> <span class='ocrx_word' id='word_1_197' title='bbox 1112 3300 1237 3376; x_wconf 89' lang='lat' dir='ltr'>coloris,</span> <span class='ocrx_word' id='word_1_198' title='bbox 1253 3302 1338 3366; x_wconf 87' lang='lat' dir='ltr'>circa</span> 
     </span>
    </p>
   </div>
   <div class='ocr_carea' id='block_1_4' title="bbox 126 3361 1342 3484">
    <p class='ocr_par' dir='ltr' id='par_1_9' title="bbox 126 3361 1342 3484">
     <span class='ocr_line' id='line_1_25' title="bbox 126 3361 1241 3428; baseline 0.004 -16"><span class='ocrx_word' id='word_1_199' title='bbox 126 3361 279 3423; x_wconf 77' lang='lat' dir='ltr'>vrii.82,&amp;c.</span> <span class='ocrx_word' id='word_1_200' title='bbox 923 3425 924 3428; x_wconf 8' lang='grc' dir='ltr'><strong>Ἴ</strong></span> <span class='ocrx_word' id='word_1_201' title='bbox 1084 3402 1091 3414; x_wconf 94' lang='grc'><strong><em>.</em></strong></span> <span class='ocrx_word' id='word_1_202' title='bbox 1235 3402 1241 3416; x_wconf 92' lang='grc'><strong>.</strong></span> 
     </span>
     <span class='ocr_line' id='line_1_26' title="bbox 293 3399 1342 3484; baseline 0 -18"><span class='ocrx_word' id='word_1_203' title='bbox 293 3399 445 3466; x_wconf 88' lang='lat' dir='ltr'>humeros</span> <span class='ocrx_word' id='word_1_204' title='bbox 485 3419 561 3464; x_wconf 88' lang='lat' dir='ltr'>suos</span> <span class='ocrx_word' id='word_1_205' title='bbox 599 3399 771 3484; x_wconf 86' lang='lat' dir='ltr'>pendente,</span> <span class='ocrx_word' id='word_1_206' title='bbox 811 3399 931 3463; x_wconf 87' lang='lat' dir='ltr'>ductus</span> <span class='ocrx_word' id='word_1_207' title='bbox 969 3407 1028 3476; x_wconf 90' lang='lat' dir='ltr'>est,</span> <span class='ocrx_word' id='word_1_208' title='bbox 1066 3408 1152 3466; x_wconf 91' lang='lat' dir='ltr'>s1cut</span> <span class='ocrx_word' id='word_1_209' title='bbox 1189 3425 1261 3466; x_wconf 86' lang='lat' dir='ltr'>ovrs</span> <span class='ocrx_word' id='word_1_210' title='bbox 1299 3404 1342 3467; x_wconf 88' lang='lat' dir='ltr'>ad</span> 
     </span>
    </p>
   </div>
   <div class='ocr_carea' id='block_1_5' title="bbox 292 3500 1516 4511">
    <p class='ocr_par' dir='ltr' id='par_1_10' title="bbox 292 3500 1341 3586">
     <span class='ocr_line' id='line_1_27' title="bbox 292 3500 1341 3586; baseline -0.001 -18"><span class='ocrx_word' id='word_1_211' title='bbox 292 3500 484 3580; x_wconf 85' lang='lat' dir='ltr'>victimam,¹</span> <span class='ocrx_word' id='word_1_212' title='bbox 508 3503 565 3586; x_wconf 91' lang='lat' dir='ltr'>qui</span> <span class='ocrx_word' id='word_1_213' title='bbox 589 3524 666 3566; x_wconf 89' lang='lat' dir='ltr'>vero</span> <span class='ocrx_word' id='word_1_214' title='bbox 689 3523 756 3565; x_wconf 90' lang='lat' dir='ltr'>non</span> <span class='ocrx_word' id='word_1_215' title='bbox 778 3502 910 3586; x_wconf 90' lang='lat' dir='ltr'>aperuit</span> <span class='ocrx_word' id='word_1_216' title='bbox 932 3523 968 3566; x_wconf 93' lang='lat' dir='ltr'>os</span> <span class='ocrx_word' id='word_1_217' title='bbox 991 3525 1095 3584; x_wconf 92' lang='lat' dir='ltr'>suum,</span> <span class='ocrx_word' id='word_1_218' title='bbox 1120 3527 1181 3570; x_wconf 91' lang='lat' dir='ltr'>nec</span> <span class='ocrx_word' id='word_1_219' title='bbox 1202 3505 1244 3569; x_wconf 90' lang='lat' dir='ltr'>ad</span> <span class='ocrx_word' id='word_1_220' title='bbox 1268 3505 1341 3568; x_wconf 86' lang='lat' dir='ltr'>vin-</span> 
     </span>
    </p>

    <p class='ocr_par' dir='ltr' id='par_1_11' title="bbox 293 3594 1341 3686">
     <span class='ocr_line' id='line_1_28' title="bbox 293 3594 1341 3686; baseline -0.001 -16"><span class='ocrx_word' id='word_1_221' title='bbox 293 3607 425 3682; x_wconf 86' lang='lat' dir='ltr'>dictam,</span> <span class='ocrx_word' id='word_1_222' title='bbox 456 3594 516 3670; x_wconf 86' lang='lat' dir='ltr'>nec</span> <span class='ocrx_word' id='word_1_223' title='bbox 549 3604 593 3669; x_wconf 94' lang='lat' dir='ltr'>ad</span> <span class='ocrx_word' id='word_1_224' title='bbox 626 3603 975 3669; x_wconf 86' lang='lat' dir='ltr'>excommunicationis</span> <span class='ocrx_word' id='word_1_225' title='bbox 1006 3605 1217 3671; x_wconf 88' lang='lat' dir='ltr'>sententiam.</span> <span class='ocrx_word' id='word_1_226' title='bbox 1276 3607 1341 3686; x_wconf 84' lang='lat' dir='ltr'>Qui</span> 
     </span>
    </p>

    <p class='ocr_par' dir='ltr' id='par_1_12' title="bbox 292 3706 1513 3898">
     <span class='ocr_line' id='line_1_29' title="bbox 292 3706 1513 3792; baseline 0.002 -18"><span class='ocrx_word' id='word_1_227' title='bbox 292 3731 366 3774; x_wconf 90' lang='lat' dir='ltr'>cum</span> <span class='ocrx_word' id='word_1_228' title='bbox 394 3707 437 3774; x_wconf 90' lang='lat' dir='ltr'>ad</span> <span class='ocrx_word' id='word_1_229' title='bbox 468 3708 576 3773; x_wconf 91' lang='lat' dir='ltr'>locum</span> <span class='ocrx_word' id='word_1_230' title='bbox 608 3706 833 3772; x_wconf 88' lang='lat' dir='ltr'>decollationis</span> <span class='ocrx_word' id='word_1_231' title='bbox 867 3707 1079 3792; x_wconf 86' lang='lat' dir='ltr'>pervenisset,</span> <span class='ocrx_word' id='word_1_232' title='bbox 1102 3709 1208 3772; x_wconf 89' lang='lat' dir='ltr'>dixit:</span> <span class='ocrx_word' id='word_1_233' title='bbox 1233 3717 1249 3743; x_wconf 91' lang='lat'><strong>“</strong></span> <span class='ocrx_word' id='word_1_234' title='bbox 1261 3710 1339 3774; x_wconf 92' lang='lat' dir='ltr'>Om-</span> <span class='ocrx_word' id='word_1_235' title='bbox 1354 3712 1403 3762; x_wconf 69' lang='lat' dir='ltr'>Hifl</span> <span class='ocrx_word' id='word_1_236' title='bbox 1415 3727 1513 3778; x_wconf 76' lang='lat' dir='ltr'>prayer.</span> 
     </span>
     <span class='ocr_line' id='line_1_30' title="bbox 292 3808 1340 3898; baseline -0.001 -22"><span class='ocrx_word' id='word_1_237' title='bbox 292 3821 308 3845; x_wconf 92' lang='lat'><strong><em>“</em></strong></span> <span class='ocrx_word' id='word_1_238' title='bbox 332 3811 485 3898; x_wconf 89' lang='lat' dir='ltr'>nipotens</span> <span class='ocrx_word' id='word_1_239' title='bbox 519 3809 617 3885; x_wconf 86' lang='lat' dir='ltr'>Deus,</span> <span class='ocrx_word' id='word_1_240' title='bbox 641 3809 705 3873; x_wconf 91' lang='lat' dir='ltr'>tibi</span> <span class='ocrx_word' id='word_1_241' title='bbox 739 3809 839 3873; x_wconf 88' lang='lat' dir='ltr'>offero</span> <span class='ocrx_word' id='word_1_242' title='bbox 873 3808 1033 3894; x_wconf 89' lang='lat' dir='ltr'>meipsum</span> <span class='ocrx_word' id='word_1_243' title='bbox 1065 3815 1100 3873; x_wconf 91' lang='lat' dir='ltr'>et</span> <span class='ocrx_word' id='word_1_244' title='bbox 1133 3832 1246 3876; x_wconf 85' lang='lat' dir='ltr'>causes</span> <span class='ocrx_word' id='word_1_245' title='bbox 1281 3833 1340 3897; x_wconf 90' lang='lat' dir='ltr'>pro</span> 
     </span>
    </p>

    <p class='ocr_par' dir='ltr' id='par_1_13' title="bbox 295 3911 1340 3998">
     <span class='ocr_line' id='line_1_31' title="bbox 295 3911 1340 3998; baseline 0.001 -22"><span class='ocrx_word' id='word_1_246' title='bbox 295 3923 309 3946; x_wconf 89' lang='lat'><strong>“</strong></span> <span class='ocrx_word' id='word_1_247' title='bbox 334 3912 453 3998; x_wconf 90' lang='lat' dir='ltr'>quibus</span> <span class='ocrx_word' id='word_1_248' title='bbox 484 3912 600 3997; x_wconf 88' lang='lat' dir='ltr'>patior,</span> <span class='ocrx_word' id='word_1_249' title='bbox 635 3916 670 3974; x_wconf 89' lang='lat' dir='ltr'>et</span> <span class='ocrx_word' id='word_1_250' title='bbox 701 3911 834 3975; x_wconf 91' lang='lat' dir='ltr'>veniam</span> <span class='ocrx_word' id='word_1_251' title='bbox 869 3933 890 3975; x_wconf 90' lang='lat' dir='ltr'>a</span> <span class='ocrx_word' id='word_1_252' title='bbox 921 3911 967 3975; x_wconf 87' lang='lat' dir='ltr'>Te</span> <span class='ocrx_word' id='word_1_253' title='bbox 998 3916 1076 3996; x_wconf 92' lang='lat' dir='ltr'>peto</span> <span class='ocrx_word' id='word_1_254' title='bbox 1103 3933 1162 3996; x_wconf 94' lang='lat' dir='ltr'>pro</span> <span class='ocrx_word' id='word_1_255' title='bbox 1187 3913 1340 3977; x_wconf 90' lang='lat' dir='ltr'>omnibus</span> 
     </span>
    </p>

    <p class='ocr_par' dir='ltr' id='par_1_14' title="bbox 293 4013 1342 4102">
     <span class='ocr_line' id='line_1_32' title="bbox 293 4013 1342 4102; baseline -0.002 -22"><span class='ocrx_word' id='word_1_256' title='bbox 293 4025 310 4049; x_wconf 90' lang='lat'><strong>“</strong></span> <span class='ocrx_word' id='word_1_257' title='bbox 333 4016 476 4102; x_wconf 89' lang='lat' dir='ltr'>peccatis</span> <span class='ocrx_word' id='word_1_258' title='bbox 506 4019 541 4079; x_wconf 90' lang='lat' dir='ltr'>et</span> <span class='ocrx_word' id='word_1_259' title='bbox 563 4013 805 4099; x_wconf 84' lang='lat' dir='ltr'>indulgentiam</span> <span class='ocrx_word' id='word_1_260' title='bbox 829 4035 849 4076; x_wconf 90' lang='lat' dir='ltr'>a</span> <span class='ocrx_word' id='word_1_261' title='bbox 872 4035 924 4076; x_wconf 92' lang='lat' dir='ltr'>me</span> <span class='ocrx_word' id='word_1_262' title='bbox 947 4013 1128 4077; x_wconf 87' lang='lat' dir='ltr'>commissis</span> <span class='ocrx_word' id='word_1_263' title='bbox 1151 4014 1221 4078; x_wconf 89' lang='lat' dir='ltr'>sive</span> <span class='ocrx_word' id='word_1_264' title='bbox 1243 4016 1342 4079; x_wconf 90' lang='lat' dir='ltr'>cmis-</span> 
     </span>
    </p>

    <p class='ocr_par' dir='ltr' id='par_1_15' title="bbox 293 4113 1341 4200">
     <span class='ocr_line' id='line_1_33' title="bbox 293 4113 1341 4200; baseline -0.001 -18"><span class='ocrx_word' id='word_1_265' title='bbox 293 4127 309 4152; x_wconf 91' lang='lat'><em>“</em></span> <span class='ocrx_word' id='word_1_266' title='bbox 333 4117 404 4182; x_wconf 84' lang='lat' dir='ltr'>sis.&#39;’</span> <span class='ocrx_word' id='word_1_267' title='bbox 450 4117 495 4180; x_wconf 85' lang='lat' dir='ltr'>Et</span> <span class='ocrx_word' id='word_1_268' title='bbox 517 4121 598 4181; x_wconf 91' lang='lat' dir='ltr'>tunc</span> <span class='ocrx_word' id='word_1_269' title='bbox 627 4115 799 4200; x_wconf 90' lang='lat' dir='ltr'>capucium</span> <span class='ocrx_word' id='word_1_270' title='bbox 823 4118 857 4178; x_wconf 91' lang='lat' dir='ltr'>et</span> <span class='ocrx_word' id='word_1_271' title='bbox 880 4113 1027 4179; x_wconf 88' lang='lat' dir='ltr'>tunicam</span> <span class='ocrx_word' id='word_1_272' title='bbox 1060 4114 1104 4178; x_wconf 89' lang='lat' dir='ltr'>ad</span> <span class='ocrx_word' id='word_1_273' title='bbox 1118 4120 1256 4180; x_wconf 79' lang='lat' dir='ltr'>terram</span> <span class='ocrx_word' id='word_1_274' title='bbox 1288 4117 1341 4181; x_wconf 89' lang='lat' dir='ltr'>de-</span> 
     </span>
    </p>

    <p class='ocr_par' dir='ltr' id='par_1_16' title="bbox 293 4217 1516 4511">
     <span class='ocr_line' id='line_1_34' title="bbox 294 4217 1514 4308; baseline -0.007 -22"><span class='ocrx_word' id='word_1_275' title='bbox 294 4222 425 4308; x_wconf 88' lang='lat' dir='ltr'>posuit;</span> <span class='ocrx_word' id='word_1_276' title='bbox 448 4227 482 4285; x_wconf 89' lang='lat' dir='ltr'>et</span> <span class='ocrx_word' id='word_1_277' title='bbox 513 4241 573 4284; x_wconf 88' lang='lat' dir='ltr'>suo</span> <span class='ocrx_word' id='word_1_278' title='bbox 596 4217 796 4294; x_wconf 87' lang='lat' dir='ltr'>decollatori,</span> <span class='ocrx_word' id='word_1_279' title='bbox 820 4217 954 4282; x_wconf 82' lang='lat' dir='ltr'>Thomae</span> <span class='ocrx_word' id='word_1_280' title='bbox 987 4217 1108 4282; x_wconf 90' lang='lat' dir='ltr'>Alman</span> <span class='ocrx_word' id='word_1_281' title='bbox 1140 4223 1342 4304; x_wconf 88' lang='lat' dir='ltr'>nuncupato,</span> <span class='ocrx_word' id='word_1_282' title='bbox 1357 4227 1514 4295; x_wconf 78' lang='lat' dir='ltr'>fflsrequeu</span> 
     </span>
     <span class='ocr_line' id='line_1_35' title="bbox 293 4297 1516 4412; baseline -0.004 -23"><span class='ocrx_word' id='word_1_283' title='bbox 293 4325 401 4389; x_wconf 87' lang='lat' dir='ltr'>dixit:</span> <span class='ocrx_word' id='word_1_284' title='bbox 440 4331 456 4355; x_wconf 83' lang='lat'>‘¹</span> <span class='ocrx_word' id='word_1_285' title='bbox 468 4322 542 4398; x_wconf 85' lang='lat' dir='ltr'>Fili,</span> <span class='ocrx_word' id='word_1_286' title='bbox 582 4326 722 4384; x_wconf 90' lang='lat' dir='ltr'>mortem</span> <span class='ocrx_word' id='word_1_287' title='bbox 768 4340 874 4382; x_wconf 89' lang='lat' dir='ltr'>meam</span> <span class='ocrx_word' id='word_1_288' title='bbox 914 4319 1004 4382; x_wconf 91' lang='lat' dir='ltr'>Deus</span> <span class='ocrx_word' id='word_1_289' title='bbox 1046 4319 1107 4383; x_wconf 92' lang='lat' dir='ltr'>tibi</span> <span class='ocrx_word' id='word_1_290' title='bbox 1143 4321 1294 4386; x_wconf 89' lang='lat' dir='ltr'>remittat</span> <span class='ocrx_word' id='word_1_291' title='bbox 1308 4327 1313 4384; x_wconf 72' lang='grc' dir='ltr'>ἔ</span> <span class='ocrx_word' id='word_1_292' title='bbox 1327 4322 1342 4345; x_wconf 88' lang='grc'>”</span> <span class='ocrx_word' id='word_1_293' title='bbox 1356 4297 1516 4412; x_wconf 57' lang='lat' dir='ltr'>fflffi</span> 
     </span>
     <span class='ocr_line' id='line_1_36' title="bbox 294 4399 1461 4511; baseline -0.01 -21"><span class='ocrx_word' id='word_1_294' title='bbox 294 4431 345 4490; x_wconf 89' lang='lat' dir='ltr'>et:</span> <span class='ocrx_word' id='word_1_295' title='bbox 368 4426 465 4511; x_wconf 86' lang='lat' dir='ltr'>“Ego</span> <span class='ocrx_word' id='word_1_296' title='bbox 488 4425 551 4488; x_wconf 92' lang='lat' dir='ltr'>tihi</span> <span class='ocrx_word' id='word_1_297' title='bbox 574 4423 725 4496; x_wconf 88' lang='lat' dir='ltr'>remitto;</span> <span class='ocrx_word' id='word_1_298' title='bbox 753 4427 864 4486; x_wconf 87' lang='lat' dir='ltr'>tamcn</span> <span class='ocrx_word' id='word_1_299' title='bbox 895 4421 1057 4506; x_wconf 86' lang='lat' dir='ltr'>deprecor,</span> <span class='ocrx_word' id='word_1_300' title='bbox 1082 4425 1120 4486; x_wconf 89' lang='lat' dir='ltr'>ut</span> <span class='ocrx_word' id='word_1_301' title='bbox 1146 4422 1237 4487; x_wconf 88' lang='lat' dir='ltr'>Deus</span> <span class='ocrx_word' id='word_1_302' title='bbox 1260 4423 1343 4487; x_wconf 88' lang='lat' dir='ltr'>mihi</span> <span class='ocrx_word' id='word_1_303' title='bbox 1356 4399 1461 4506; x_wconf 56' lang='lat' dir='ltr'>excels</span> 
     </span>
    </p>
   </div>
   <div class='ocr_carea' id='block_1_6' title="bbox 294 4502 1449 4614">
    <p class='ocr_par' dir='ltr' id='par_1_17' title="bbox 294 4502 1449 4614">
     <span class='ocr_line' id='line_1_37' title="bbox 294 4502 1449 4614; baseline -0.014 -18"><span class='ocrx_word' id='word_1_304' title='bbox 294 4535 310 4562; x_wconf 90' lang='lat'><strong>“</strong></span> <span class='ocrx_word' id='word_1_305' title='bbox 334 4549 409 4594; x_wconf 90' lang='lat' dir='ltr'>cum</span> <span class='ocrx_word' id='word_1_306' title='bbox 431 4527 542 4614; x_wconf 84' lang='lat' dir='ltr'>gladio</span> <span class='ocrx_word' id='word_1_307' title='bbox 566 4531 624 4590; x_wconf 88' lang='lat' dir='ltr'>tuo</span> <span class='ocrx_word' id='word_1_308' title='bbox 647 4525 793 4610; x_wconf 89' lang='lat' dir='ltr'>quinque</span> <span class='ocrx_word' id='word_1_309' title='bbox 826 4523 965 4588; x_wconf 87' lang='lat' dir='ltr'>vulnera</span> <span class='ocrx_word' id='word_1_310' title='bbox 987 4523 1022 4587; x_wconf 92' lang='lat' dir='ltr'>in</span> <span class='ocrx_word' id='word_1_311' title='bbox 1046 4523 1128 4589; x_wconf 90' lang='lat' dir='ltr'>collo</span> <span class='ocrx_word' id='word_1_312' title='bbox 1163 4546 1245 4603; x_wconf 89' lang='lat' dir='ltr'>mec,</span> <span class='ocrx_word' id='word_1_313' title='bbox 1268 4548 1343 4610; x_wconf 84' lang='lat' dir='ltr'>quae</span> <span class='ocrx_word' id='word_1_314' title='bbox 1357 4502 1449 4548; x_wconf 50' lang='grc' dir='ltr'>ηοω·</span> 
     </span>
    </p>
   </div>
   <div class='ocr_carea' id='block_1_7' title="bbox 761 4689 1343 4702">
    <p class='ocr_par' dir='ltr' id='par_1_18' title="bbox 761 4689 1343 4702">
     <span class='ocr_line' id='line_1_38' title="bbox 761 4689 1343 4702; baseline 0.003 -6"><span class='ocrx_word' id='word_1_315' title='bbox 761 4689 987 4696; x_wconf 70' lang='lat'><strong>.—-·...-—--...</strong></span> <span class='ocrx_word' id='word_1_316' title='bbox 1014 4691 1183 4699; x_wconf 75' lang='lat'>-.-----.—-</span> <span class='ocrx_word' id='word_1_317' title='bbox 1276 4695 1284 4700; x_wconf 82' lang='lat'><em>.</em></span> <span class='ocrx_word' id='word_1_318' title='bbox 1312 4696 1343 4702; x_wconf 75' lang='grc'>,-</span> 
     </span>
    </p>
   </div>
   <div class='ocr_carea' id='block_1_8' title="bbox 511 4777 1123 4842">
    <p class='ocr_par' dir='ltr' id='par_1_19' title="bbox 511 4777 1123 4842">
     <span class='ocr_line' id='line_1_39' title="bbox 511 4777 1123 4842; baseline -0.002 -13"><span class='ocrx_word' id='word_1_319' title='bbox 511 4777 518 4812; x_wconf 90' lang='lat'><strong>¹</strong></span> <span class='ocrx_word' id='word_1_320' title='bbox 536 4777 670 4830; x_wconf 81' lang='lat' dir='ltr'>cousimilis</span> <span class='ocrx_word' id='word_1_321' title='bbox 682 4777 784 4842; x_wconf 83' lang='lat' dir='ltr'>coloris]</span> <span class='ocrx_word' id='word_1_322' title='bbox 806 4777 930 4827; x_wconf 83' lang='lat' dir='ltr'>conaimlli</span> <span class='ocrx_word' id='word_1_323' title='bbox 941 4778 1032 4837; x_wconf 85' lang='lat' dir='ltr'>colore,</span> <span class='ocrx_word' id='word_1_324' title='bbox 1045 4779 1123 4830; x_wconf 74' lang='lat' dir='ltr'>MSS.</span> 
     </span>
    </p>
   </div>
   <div class='ocr_carea' id='block_1_9' title="bbox 1147 4877 1214 4940">
    <p class='ocr_par' dir='ltr' id='par_1_20' title="bbox 1147 4877 1214 4940">
     <span class='ocr_line' id='line_1_40' title="bbox 1147 4877 1214 4940; baseline -0.045 0"><span class='ocrx_word' id='word_1_325' title='bbox 1147 4877 1214 4940; x_wconf 79' lang='lat' dir='ltr'>ua</span> 
     </span>
    </p>
   </div>
   <div class='ocr_carea' id='block_1_10' title="bbox 0 0 1826 5798">
    <p class='ocr_par' dir='ltr' id='par_1_21' title="bbox 0 0 1826 5798">
     <span class='ocr_line' id='line_1_41' title="bbox 0 0 1826 5798; baseline 0 0"><span class='ocrx_word' id='word_1_326' title='bbox 0 0 1826 5798; x_wconf 95' lang='lat' dir='ltr'> </span> 
     </span>
    </p>
   </div>
  </div>
 </body>
</html>
