3538 5800
429 834 471 896 46
543 841 545 848 ’
697 844 878 894 simaeum
901 845 1022 894 senon
1045 844 1199 892 oswium

259 1033 369 1148 repleius
425 1033 549 1118 gaudia
571 1033 651 1098 vitae
675 1034 827 1119 perennis
859 1033 1013 1110 subierat,
1048 1031 1261 1098 duodecimus
1282 1028 1398 1094 aderat
1421 1047 1480 1094 an·

258 1106 413 1230 ζζηζζςω,
426 1155 497 1213 nus,
521 1156 608 1200 nova
630 1133 750 1200 laetitia
772 1134 944 1202 sanctam¹
969 1134 1219 1222 Wigornensem
1242 1130 1412 1198 ecclesiam
1439 1127 1479 1192 de

259 1231 299 1280 ¹¹³⁸
310 1233 394 1283 death.
425 1235 497 1321 ipso
520 1257 579 1301 suo
602 1235 692 1302 dulci
714 1237 875 1303 advocato
897 1236 1149 1324 glorificaturus.
1195 1231 1399 1299 Praesidebat
1413 1229 1480 1294 illis

259 1339 356 1390 Thisis
427 1336 543 1402 diebus
566 1336 708 1402 ecclesiae
732 1337 931 1404 Eboracensi
953 1337 1024 1404 loco
1047 1335 1168 1403 summi
1203 1333 1379 1422 pontificis,
1403 1331 1481 1397 Eal-

259 1407 371 1532 {ffiulfy’
428 1435 565 1502 dulius²
587 1439 723 1525 quidam
755 1439 897 1516 nomine,
931 1439 985 1503 vir
1019 1443 1182 1516 strennue,
1215 1435 1414 1523 professione
1446 1439 1480 1499 et

258 1538 411 1656 epgblphoe
427 1539 545 1606 habitu
568 1540 757 1620 monachus,
781 1541 838 1628 qui
861 1541 1022 1628 religiosis
1045 1540 1174 1606 actibus
1188 1538 1323 1626 pollens,
1338 1536 1479 1602 Beatum

259 1619 274 1654 ⁰
321 1621 374 1655 ω’
428 1641 628 1721 Osvvaldum,
648 1643 702 1709 cui
724 1648 924 1709 successerat
945 1643 981 1706 in
1004 1641 1150 1728 regimen
1165 1640 1313 1726 ejusdem
1328 1638 1480 1716 ecclesiae,

426 1745 532 1810 multo
555 1746 677 1810 affectu
700 1745 867 1832 diligebat.
916 1745 1023 1826 Quam
1047 1743 1119 1830 ejus
1141 1742 1246 1808 animi
1269 1741 1479 1807 dilectionem

426 1869 569 1934 superna
591 1847 767 1913 elementia
789 1848 933 1926 intuens,
956 1847 1118 1913 intuendo
1141 1845 1336 1932 approbans,
1362 1865 1480 1930 appro-

426 1950 534 2014 bando
556 1949 769 2040 perlustrans,
792 1949 1023 2038 perlustrando
1047 1949 1267 2028 corroborans,
1298 1969 1357 2033 per
1387 1967 1479 2012 reve-

426 2051 584 2117 lationem
607 2074 683 2118 eum
705 2053 881 2118 admonere
903 2053 1060 2140 dignatus
1083 2057 1143 2128 est,
1166 2049 1324 2137 quatinus
1352 2069 1480 2114 sacrum

427 2153 540 2218 dilecti
562 2154 614 2218 sui
639 2153 786 2220 Osvvaldi
808 2176 925 2241 corpus
948 2175 969 2220 a
991 2153 1132 2240 sepulcri
1147 2152 1218 2219 loco
1232 2151 1368 2230 levaret,
1391 2149 1479 2217 leva·

427 2261 500 2321 tum
523 2256 604 2322 alibi
627 2256 759 2344 dignius
782 2256 962 2324 collocaret
1010 2256 1060 2321 Ea
1085 2255 1250 2342 siquidem
1284 2257 1480 2340 tempestate

427 2380 507 2424 cura
537 2358 635 2425 officii
666 2359 841 2446 pastoralis
870 2381 969 2446 super
992 2354 1222 2445 Wigorniam³
1255 2355 1362 2422 eidem
1393 2356 1479 2421 anti·

428 2461 501 2525 11111
535 2461 644 2527 fuerat
676 2461 835 2549 delegata,
874 2483 948 2528 cum
977 2460 1056 2547 quia
1093 2459 1287 2526 monachica
1322 2457 1479 2546 religione

428 2563 582 2648 pollebat,
620 2568 695 2628 tum
733 2563 812 2648 quia
849 2563 1047 2629 monachum
1086 2563 1145 2648 qui
1197 2561 1366 2627 novellum
1408 2581 1479 2646 gre-

428 2687 502 2751 gem
544 2664 779 2731 monaohorum
825 2665 909 2731 inibi
946 2665 1017 2731 loco
1060 2663 1226 2751 pontificis
1271 2663 1479 2751 gubernaret,

429 2773 587 2846 tueretur,
611 2789 649 2834 ac
682 2767 883 2848 defenderet,
920 2789 958 2834 eo
989 2773 1137 2854 tempore
1171 2767 1321 2832 invenire
1359 2771 1479 2852 praeter

430 2891 506 2934 eum
544 2869 616 2934 leve
654 2891 721 2934 non
760 2874 838 2936 erat
885 2868 947 2935 Ille
985 2869 1090 2957 igitur
1126 2869 1323 2935 revelationi
1365 2867 1479 2934 credu-

429 2971 490 3048 lus,
512 2971 627 3036 hilaris
650 2971 785 3038 effectus
819 2977 877 3038 est.
924 2971 1021 3052 Quod
1054 2971 1144 3038 enim
1179 2972 1271 3058 prius
1306 2994 1339 3036 se
1374 2971 1479 3037 factu-

429 3097 503 3138 rum
528 3075 697 3162 cogitarat,
731 3097 821 3143 nunc
852 3075 915 3140 sibi
938 3075 1114 3140 Divinitus
1148 3075 1348 3162 imperatum
1380 3075 1478 3140 vehe-

428 3181 556 3242 menter
578 3177 758 3242 exultabat.
805 3177 895 3242 Ante
917 3177 989 3243 haec
1012 3177 1134 3264 quippe
1157 3177 1364 3244 considerato
1390 3177 1480 3263 apud

428 3301 462 3344 se
486 3279 618 3364 quantis
641 3279 711 3364 ipse
735 3278 859 3344 Beatus
883 3277 1058 3344 Oswaldus
1082 3279 1119 3343 in
1141 3285 1231 3345 terra
1252 3279 1374 3367 degens
1389 3299 1478 3364 mag-

428 3403 545 3448 narum
579 3383 745 3448 virtutum
779 3382 909 3449 fulserit
942 3383 1122 3469 praeconiis,
1155 3384 1288 3470 quantis
1320 3383 1480 3449 donorum

430 3485 574 3571 Spiritus
597 3484 712 3552 Sancti
745 3484 916 3550 emicuerit
948 3485 1186 3573 praerogativis,
1219 3486 1352 3572 quantis
1387 3485 1480 3551 exhi·

430 3589 612 3655 bandorum
648 3587 881 3654 miraculorum
919 3587 1078 3654 enituerit
1123 3587 1234 3676 signis,
1279 3593 1481 3655 tractaverat

431 3713 541 3757 secum
564 3691 592 3756 si
616 3689 699 3756 forte
722 3689 790 3755 ullo
812 3690 910 3756 modo
931 3695 1042 3777 posset
1062 3690 1151 3756 inter
1172 3691 1321 3756 homines
1342 3691 1481 3778 gloriam

433 3793 579 3860 defuncti
601 3791 809 3881 amplificare,
833 3797 867 3858 et
889 3792 1121 3879 amplificando
1143 3792 1311 3859 ecclesiam
1333 3792 1398 3858 Dci
1420 3793 1480 3858 ali-

432 3919 497 3984 quo
534 3918 630 3962 novae
676 3895 892 3960 exultationis
936 3895 1058 3981 gaudio
1103 3895 1144 3961 de
1189 3895 1260 3982 ipso
1305 3895 1480 3962 laetificare.

263 4017 388 4067 anaulfi
432 3999 581 4065 Noverat
603 3998 703 4064 etiam
727 4019 801 4083 quae
825 4001 860 4062 et
882 4000 1008 4082 quanta
1030 3994 1176 4062 Deitatis
1198 4017 1298 4084 opera
1332 3997 1481 4082 quotidie

263 4084 488 4217 ffinaffflper
512 4123 586 4166 eum
620 4099 827 4188 gerebantur,
851 4103 885 4164 et
917 4098 1005 4184 quod
1037 4097 1253 4185 plurimorum
1284 4099 1388 4164 animi
1414 4121 1482 4165 non

383 4188 389 4200 ⁸
430 4225 547 4290 parum
571 4201 822 4268 offendebantur
844 4205 1016 4288 propterea
1032 4201 1119 4286 quod
1141 4201 1250 4286 ipsum
1265 4201 1387 4287 spiritu
1402 4201 1481 4268 arelo

431 4307 604 4392 degentem
627 4304 720 4396 etin
742 4303 838 4368 terris
861 4303 1005 4368 caelestia
1030 4303 1125 4388 sigua
1147 4302 1320 4368 facientem
1344 4304 1481 4389 profun-

432 4409 519 4472 ditas
541 4404 635 4470 hnmi
658 4403 835 4490 premebat,
858 4403 1028 4491 facilisque
1051 4425 1198 4472 accessus
1221 4405 1273 4494 his
1296 4406 1482 4485 stilliana

432 4511 568 4574 fortasse
599 4507 709 4572 minus
743 4507 852 4594 dignis
886 4528 986 4593 quam
1018 4509 1188 4595 expediret
1221 4509 1265 4574 ad
1298 4530 1373 4574 eum
1407 4510 1482 4597 plus

1039 4697 1116 4746 saper
1128 4677 1294 4746 Wiqorns'an]
1315 4679 1484 4746 wigorniam,

467 4686 473 4717 ¹
493 4683 626 4748 sanctam}
637 4698 687 4733 om.
700 4683 731 4732 B.
741 4735 744 4740 Δ

1012 4682 1023 4715 a

467 4766 477 4798 ··'
494 4761 650 4826 Eri-laulfus]
671 4759 800 4822 Aldulfus,
812 4761 846 4810 Α.
858 4761 890 4810 Β.
952 4680 959 4816 1
980 4760 1030 4822 A.;
1047 4761 1098 4810 flul)
1109 4760 1253 4826 wigornia,
1265 4761 1295 4812 Β·
