3538 5800
426 847 446 906 8
750 857 833 906 vrrs
855 857 976 906 sanem
1000 857 1155 908 oswatm

426 1057 442 1084 “
465 1051 627 1114 servanda
649 1056 738 1127 eunt,
763 1050 931 1115 neoforto
963 1055 1142 1116 servantur
1164 1071 1238 1135 quae
1271 1049 1359 1114 idem
1382 1055 1477 1134 pater

425 1159 443 1186 “
465 1152 624 1229 instituit,
647 1173 746 1237 quam
769 1153 805 1216 in
844 1153 915 1218 loco
938 1174 1036 1238 quem
1062 1153 1210 1238 ,ipsemet
1233 1174 1294 1216 sua
1316 1151 1476 1236 corporali

424 1261 442 1287 “
465 1254 640 1338 praesentia
663 1254 698 1317 in
713 1259 908 1340 perpetuum
932 1254 1092 1319 honorare
1114 1275 1182 1318 non
1205 1253 1361 1318 desistit''
1406 1253 1476 1316 An-

424 1356 519 1420 tiates
542 1355 702 1422 adhaec:
726 1357 874 1432 “Idem''
903 1357 1023 1441 inquit,
1046 1357 1247 1432 “sentimus
1273 1355 1362 1420 idem
1389 1354 1474 1439 sapi-

424 1466 441 1491 “
464 1480 546 1534 mus,
569 1459 605 1522 in
627 1458 715 1522 idem
738 1463 851 1522 nostra
874 1458 1016 1523 intentio
1039 1458 1156 1524 tendit.
1203 1456 1383 1522 Monachus
1412 1456 1475 1520 loci

423 1567 441 1593 “
463 1560 553 1624 illius
576 1582 656 1624 sum.
703 1560 867 1624 Habitum
899 1561 988 1624 enim
1011 1560 1179 1645 religionis
1210 1559 1251 1625 ad
1276 1581 1358 1624 onus
1389 1560 1473 1644 regi—

255 1669 390 1748 odone-¹
423 1671 441 1696 “
464 1663 571 1740 minis,
594 1662 744 1746 subque
767 1683 870 1748 gemo,
886 1660 1035 1727 vocatusl
1058 1662 1135 1726 inde
1158 1661 1305 1746 suscepi3
1327 1666 1361 1725 et
1377 1681 1474 1746 prop-

254 1735 405 1851 ffiwhm
423 1769 441 1798 “
464 1769 561 1840 terea,
585 1769 628 1839 te,
652 1785 751 1848 quem
782 1763 957 1848 specialius
990 1785 1073 1840 amo,
1108 1763 1307 1828 monachum
1330 1762 1378 1826 ibi
1401 1762 1472 1826 fieri

421 1875 439 1900 “
462 1865 670 1951 potissimum
693 1865 797 1950 opt0.''
836 1865 881 1928 Et
896 1859 1030 1950 quidem
1052 1865 1124 1930 haec
1146 1865 1264 1950 patriae
1287 1864 1472 1929 demutatio

420 1988 459 2032 ea
481 1964 538 2031 rez
568 1971 650 2031 tunc
672 1966 721 2030 ita
750 1966 923 2051 utriusque
953 1967 1121 2032 voluntati
1155 1965 1360 2051 complacuit,
1391 1987 1472 2050 quo·

419 2070 510 2134 niam
537 2069 654 2154 perid
687 2070 844 2154 temporis
876 2069 991 2154 religio
1014 2069 1198 2134 monachici
1230 2069 1364 2144 ordinis,
1398 2089 1471 2152 quae

419 2191 494 2235 cum
526 2174 660 2254 propter
699 2169 911 2234 barbarorum
943 2169 1132 2254 frequentes
1163 2170 1372 2255 irruptiones,
1399 2177 1470 2232 tum

419 2274 555 2356 propter
577 2269 785 2354 quorundam
819 2270 1077 2355 malignantium
1099 2270 1310 2335 turbulentas
1332 2266 1469 2334 seditio-

418 2392 477 2436 nes
500 2368 648 2436 dudum³
669 2373 706 2435 in
728 2371 852 2456 Anglia
881 2393 975 2456 paene
997 2377 1070 2438 tota
1092 2373 1306 2449 obsoleverat,
1329 2373 1469 2438 necdum

418 2473 470 2536 aui
496 2472 619 2558 vigoris
642 2477 733 2538 statu
756 2472 1142 2548 reformataclaruerat.⁴

250 2572 385 2646 mvnda
464 2573 615 2638 Mittitur
637 2595 714 2660 ergo
742 2573 877 2658 juvenis
901 2573 1099 2651 Florianum,
1122 2575 1191 2639 illic
1212 2574 1348 2640 floribus
1371 2575 1467 2641 fulci-

248 2645 344 2770 {⁶122ss
355 2709 407 2758 ane
419 2676 524 2740 endus
547 2675 720 2740 virtutum.
769 2675 953 2740 Mittuntur
984 2697 1115 2761 quoque
1138 2698 1213 2741 cum
1235 2676 1358 2742 litteris
1381 2699 1469 2744 com·

248 2771 393 2823 mmm
418 2777 623 2841 mendatitiis
658 2777 745 2842 dona
778 2777 1029 2862 quamplurima,
1050 2779 1209 2862 juvenem
1243 2784 1278 2842 et
1309 2779 1398 2844 dicto
1434 2785 1469 2844 et

248 2838 333 2888 monk.
418 2878 505 2943 fecto
537 2878 652 2942 abbati
685 2899 724 2943 ac
755 2877 913 2943 fratribus
937 2879 1210 2944 commendantia.
1272 2879 1467 2966 suscipitur,

416 2984 452 3044 et
473 2979 653 3044 monachus
686 2979 806 3044 habitu
839 2979 956 3057 factus,
978 2981 1051 3045 vita
1081 3002 1213 3066 quoque
1244 2981 1396 3046 monachi
1431 2983 1468 3046 in

415 3081 496 3166 ipsis
518 3081 706 3166 primordiis
730 3085 781 3146 est
814 3081 994 3146 decoratus.
1042 3081 1107 3162 Qui
1139 3083 1243 3168 igitur
1265 3089 1402 3148 venerat
1424 3085 1467 3150 ab

414 3183 489 3248 aliis
520 3183 637 3260 doceri,
660 3183 742 3248 alios
776 3183 912 3260 imitari,
934 3183 1036 3248 talem
1071 3205 1106 3248 se
1140 3184 1207 3248 illis
1241 3183 1403 3260 exhibuit,
1426 3190 1465 3250 ut

415 3285 495 3350 satis
518 3285 678 3350 haberent
701 3285 884 3368 incoque
907 3285 1101 3350 docerentur
1124 3286 1211 3370 quod
1240 3286 1465 3350 imitarentur.

415 3387 497 3452 Erat
534 3388 623 3452 enim
660 3407 774 3452 somno
808 3407 935 3472 parcus,
967 3387 1041 3451 cibo
1073 3387 1210 3464 sobrius,
1242 3388 1278 3451 in
1301 3387 1464 3472 loquendo

245 3485 381 3566 Hisholy·
415 3487 584 3564 discretus,
607 3489 642 3551 in
676 3488 825 3552 oratione
856 3487 1015 3565 assiduus,
1051 3488 1087 3551 in
1118 3488 1192 3552 aliis
1224 3493 1336 3553 autem
1359 3489 1465 3553 virtu-

244 3555 397 3670 fiigffigm
414 3587 514 3664 tibue,
545 3589 708 3673 patientia
730 3588 811 3665 dico,
834 3588 1033 3667 humilitate,
1066 3590 1280 3674 benignitate,
1312 3611 1465 3656 mansue·

414 3690 539 3766 tudine,
563 3690 753 3774 caeterisque
784 3689 976 3774 hujusmodi
999 3713 1099 3776 quam
1134 3685 1237 3768 fortia,
1261 3712 1361 3776 quam
1385 3693 1462 3756 sub

413 3790 512 3865 ditus,
537 3811 637 3876 quam
674 3791 863 3869 benevolae,
895 3814 994 3877 quam
1034 3797 1187 3857 constans
1225 3793 1386 3871 extiterit,
1421 3816 1463 3858 ex

413 3893 539 3959 sincera
561 3895 708 3972 caritate,
731 3916 797 3980 qua
819 3915 919 3980 supra
941 3894 1120 3958 humanam
1143 3895 1397 3960 aestimationem
1419 3896 1462 3961 ad

413 4017 525 4062 omnes
559 4002 631 4062 erat
664 3997 812 4073 diffusus,
844 3995 961 4081 conjici
992 4000 1109 4081 potest,
1133 3996 1293 4081 Apostolo
1324 3997 1463 4074 dicente,

245 4087 328 4139 ¹0⁰²·
341 4087 396 4142 ¹¹5³·
413 4101 585 4165 caritatem
607 4101 788 4186 patientem
812 4119 889 4176 esse,
912 4097 1090 4183 benignam
1113 4119 1191 4174 esse,
1214 4119 1281 4162 non
1303 4098 1463 4176 aemulari,

241 4159 266 4214 4,
278 4161 326 4204 etc.

411 4307 543 4382 irritari,
569 4327 636 4371 non
658 4305 802 4392 cogitare
826 4304 959 4380 malum,
976 4309 1010 4369 et
1032 4308 1159 4380 catera,
1174 4325 1248 4389 quae
1276 4305 1360 4370 mihi
1386 4307 1456 4372 bre·

409 4408 510 4473 vitati
542 4407 689 4472 studenti
706 4406 824 4490 exequi
846 4403 982 4490 longum
997 4409 1055 4469 est.
1118 4403 1186 4470 Hic
1210 4405 1297 4470 idem
1321 4405 1459 4471 Domini

442 4605 450 4637 ¹
469 4602 504 4653 ad
513 4619 573 4652 caue
592 4640 598 4652 .
616 4639 622 4651 .
640 4601 756 4666 vocante]
772 4614 822 4652 om.
836 4601 866 4651 Β.
985 4599 995 4632 ⁴
1012 4600 1113 4650 necdum
1131 4638 1137 4651 .
1156 4637 1163 4650 .
1180 4600 1324 4666 claruerat]
1350 4615 1401 4651 om.
1421 4603 1456 4653 A.

440 4684 452 4717 ²
469 4701 500 4733 cu
512 4683 551 4748 re]
566 4697 641 4741 carre,
652 4681 683 4730 B.
953 4679 984 4728 B.

440 4764 451 4796 ³
468 4760 571 4826 dadum]
586 4775 637 4809 om.
651 4758 686 4808 A.
699 4759 730 4808 B.
985 4755 996 4786 ⁵
1012 4771 1056 4804 nec
1073 4791 1079 4804 .
1099 4791 1105 4804 .
1123 4756 1180 4822 acc]
1195 4773 1247 4806 non
1266 4792 1272 4804 .
1289 4773 1369 4820 ‚ncn‚
1380 4758 1414 4808 A.
1424 4759 1457 4809 Β.

412 4227 479 4270 non
502 4205 621 4282 inflari,
636 4225 704 4269 non
726 4225 821 4290 agere
837 4224 1017 4289 perperam,
1032 4201 1116 4268 nec⁵
1133 4224 1278 4287 quaerere
1292 4225 1362 4280 sua,
1378 4203 1461 4270 nec⁵
1578 4260 1584 4277 .
