3582 5798
427 883 492 944 las
564 897 714 944 nrsronr
738 895 782 942 or
807 895 900 942 roua
923 891 1160 942 luonmsaors
1183 895 1226 942 or
1250 894 1345 944 roan

426 1080 534 1147 batur.
596 1081 661 1148 His
695 1081 771 1146 aliis
798 1081 949 1146 lortasse
990 1081 1100 1166 legato
1139 1080 1331 1166 ligamentis
1367 1081 1481 1166 ligato,

424 1183 510 1246 nihil
553 1183 680 1253 consilii
714 1184 756 1248 ab
790 1205 828 1248 co
865 1183 980 1250 elicere
1018 1188 1218 1268 potuerunt;
1256 1182 1341 1246 nihil
1379 1182 1506 1248 alecto·

426 1290 537 1350 nostro
561 1291 823 1372 reportaverunt.

470 1387 559 1466 Quid
592 1409 668 1473 crgo
706 1387 859 1454 faceret?
903 1386 978 1467 Quo
1001 1409 1036 1453 se
1059 1391 1228 1454 verteret?
1259 1387 1295 1451 in
1317 1385 1480 1473 angustiis

425 1495 502 1556 erat.
550 1489 735 1556 Consilium
769 1490 934 1556 defecerat
963 1512 984 1556 a
1018 1511 1083 1575 quo
1115 1490 1263 1575 speravit
1293 1489 1413 1554 habere
1448 1495 1481 1552 ct

425 1593 574 1659 debebat.
610 1593 689 1674 ,Qui
723 1615 798 1659 cum
831 1593 889 1658 illo
923 1593 1015 1678 prius
1047 1599 1143 1657 erant
1174 1591 1292 1658 amodo
1322 1591 1481 1657 adversus

424 1695 526 1760 illum.
574 1695 659 1760 Cum
683 1701 827 1760 torrente
862 1715 974 1760 omncs
997 1696 1194 1775 currebant;
1224 1696 1336 1760 nullus
1370 1695 1480 1760 obluc-

254 1814 387 1866 Thomas's
425 1799 568 1863 tabatur.
616 1798 778 1882 Sampson
801 1797 1028 1883 wigornensis
1052 1797 1230 1883 episcopus,
1254 1802 1289 1862 et
1320 1795 1481 1861 Ricardus

253 1879 399 1999 {ssfflffld
425 1901 622 1977 Baiooensis,
639 1905 734 1986 pater
756 1905 791 1965 et
813 1899 915 1965 frater
937 1899 1037 1978 illius,
1051 1900 1106 1966 hic
1127 1899 1276 1977 fratrem,
1297 1899 1353 1963 ille
1375 1899 1479 1962 filium

254 2029 317 2077 urge
328 2014 382 2092 him
424 2003 599 2068 carnaliter
622 2007 778 2079 amantes,
803 2007 838 2066 et
860 2023 971 2088 rogem
1004 2003 1167 2080 timentes,
1191 2002 1285 2066 illum
1320 2001 1480 2086 archiepi-

254 2085 281 2130 to
293 2083 393 2134 ⁸⁰b¹¹¹¹‘¹
423 2111 560 2190 scopatu
576 2127 684 2171 carere
700 2105 866 2181 nolebant,
877 2125 987 2190 regem
999 2125 1195 2191 exasperare
1211 2125 1278 2168 non
1293 2103 1480 2183 audebant;

423 2209 532 2293 sicque
556 2208 726 2284 1novend0,
742 2206 940 2272 consulendo
956 2212 996 2272 ut
1018 2207 1105 2292 regis
1120 2207 1328 2272 voluntatem
1350 2205 1480 2270 faceret,

422 2311 516 2395 quasi
555 2309 624 2374 vim
663 2310 856 2374 inferebant.
918 2310 968 2374 De
1001 2309 1170 2396 parentela
1207 2309 1279 2394 ejus
1316 2308 1479 2393 aliquanti

423 2413 516 2498 probi
548 2413 621 2490 viri,
646 2412 703 2496 qui
741 2411 810 2476 illic
844 2411 982 2476 aderant
1015 2412 1119 2490 nobis,
1144 2411 1202 2496 qui
1236 2431 1311 2476 cum
1345 2431 1383 2474 eo
1407 2409 1476 2494 [ex]

422 2514 558 2580 ecclesia
590 2520 715 2591 nostra,
739 2519 806 2578 tres
841 2517 901 2579 aut
934 2518 1087 2598 quatuor,
1110 2518 1145 2578 et
1166 2513 1279 2577 tristes
1302 2517 1337 2577 et
1359 2511 1479 2584 timidi,

421 2617 604 2694 aderamus,
628 2615 899 2701 improperabant
921 2615 1088 2681 modicum
1120 2635 1234 2680 curare
1257 2615 1285 2678 si
1317 2613 1477 2698 arehiepi-

422 2723 590 2804 scopatum
614 2718 773 2804 perderet,
797 2717 1021 2783 mutabantur.
1071 2717 1198 2796 Quibus
1223 2716 1374 2802 equidem
1399 2715 1477 2779 dum

421 2822 639 2906 possessiones
662 2820 845 2884 retinerent
867 2820 1031 2904 professus
1053 2823 1113 2883 aut
1136 2818 1219 2883 liber
1241 2817 1376 2883 tandem
1399 2823 1477 2883 erat.

421 2922 452 2985 A
475 2943 550 3008 rege
582 2942 712 3006 quoque
743 2919 838 2984 nobis
873 2925 1032 3005 tanquam
1070 2919 1254 3006 majestatis
1284 2919 1347 2985 reis
1379 2919 1477 2984 minse

421 3023 695 3090 contumeliarum
726 3029 761 3087 et
795 3021 888 3087 exilii
922 3023 1172 3100 nuntiabantur,
1206 3021 1279 3087 ideo
1309 3021 1397 3108 quod
1421 3022 1476 3086 do·

253 3127 487 3201 Thebishoplere
509 3127 563 3190 vel
597 3125 771 3189 minimum
795 3123 928 3210 obloqui
958 3124 1161 3190 videbamur.
1219 3124 1411 3210 Temptavit
1444 3129 1478 3188 et

252 3200 408 3318 {figfflffi
422 3228 654 3292 Dunelmensis
686 3228 856 3312 episcopus
887 3249 933 3290 ex
965 3249 1025 3292 sua
1057 3233 1150 3312 parto
1185 3227 1213 3292 si
1249 3233 1359 3312 posset
1391 3227 1477 3312 regis

253 3334 362 3384 abrica
421 3334 569 3398 animum
604 3331 744 3418 pecunia
781 3353 944 3410 revocare,
976 3333 1134 3418 pollicens
1169 3334 1200 3398 ei
1230 3331 1320 3398 mille
1351 3355 1477 3399 marcas

253 3400 379 3465 secking.
422 3436 551 3522 argenti
574 3441 609 3500 et
632 3440 765 3501 centum
789 3435 912 3520 reginae
935 3455 995 3520 pro
1021 3455 1059 3499 eo
1082 3439 1122 3498 ut
1140 3434 1308 3520 justitiam
1333 3440 1367 3500 et
1385 3435 1476 3522 judi·

421 3539 509 3604 oium
532 3538 725 3604 canonicum
749 3537 947 3602 Eboracensi
979 3535 1122 3602 ecclesiae
1155 3538 1363 3603 consentiret.
1411 3537 1476 3602 Sed

421 3662 488 3706 non
519 3640 651 3705 audivit
682 3661 741 3704 rex
764 3640 847 3703 bene
881 3638 1021 3704 callidus
1057 3639 1138 3723 quid
1169 3639 1258 3703 inter
1290 3639 1420 3725 pondus
1443 3645 1477 3704 et

421 3743 551 3828 pondus
574 3763 750 3806 munerum
773 3745 808 3805 et
830 3761 1005 3804 munerum
1029 3739 1176 3805 distaret.

252 3865 374 3926 Thomas,
465 3845 520 3910 Sic
543 3844 645 3930 igitur
667 3843 858 3929 angariatus
874 3847 909 3906 at
924 3841 1101 3918 districtus,
1118 3851 1256 3906 moestus
1278 3847 1313 3907 et
1334 3851 1477 3928 gemens,

251 3932 406 4064 {ssgitssfgsslo
419 3947 514 4012 nobis
537 3968 596 4012 nec
612 3945 867 4011 concedentibus
890 3963 951 4009 nec
973 3943 1286 4022 contradicentibus,
1309 3945 1477 4011 dementia

250 4036 336 4116 feaer’.
420 4049 508 4113 enim
542 4054 636 4124 esset,
660 4047 796 4112 tandem
828 4046 936 4111 facere
968 4046 1135 4111 consensit
1169 4047 1266 4131 quod,
1298 4053 1337 4112 ut
1359 4067 1474 4113 verum

420 4151 555 4229 aestimo,
594 4151 785 4215 nullatenus
818 4149 950 4214 fecisset
991 4149 1019 4212 si
1052 4148 1154 4228 exilii,
1194 4155 1228 4212 ct
1259 4149 1474 4236 fatigationis,

420 4257 454 4316 et
476 4258 670 4317 caeterarum
693 4251 1003 4316 incommoditatum
1026 4269 1144 4336 corpus
1167 4251 1298 4336 patiens
1321 4251 1476 4331 haberet3

420 4355 478 4418 sed
527 4354 738 4440 corpulentus
787 4360 867 4432 erat,
899 4360 934 4420 et
969 4354 1126 4441 pinguior
1164 4375 1263 4440 quam
1302 4361 1474 4442 oporteret

251 4479 347 4531 Annis
421 4455 576 4520 Proxima
608 4455 660 4520 die
684 4455 858 4522 Dominica
892 4479 913 4522 a
936 4457 1150 4522 Lundonensi
1174 4457 1325 4544 episcopo
1358 4465 1392 4524 et
1424 4481 1476 4526 oo-

250 4561 381 4664 ffifffi
421 4557 581 4643 episcopis
605 4557 641 4620 in
664 4557 800 4624 ecclesia
834 4559 930 4624 Beati
953 4557 1048 4624 Pauli
1072 4565 1279 4625 consecratus
1311 4565 1369 4640 est,
1402 4585 1476 4648 pro·
1522 4625 1532 4646 ,

252 4651 557 4740 2ni‚A‚1),fessione
596 4658 684 4723 facta
719 4679 807 4725 nova
840 4665 874 4725 et
908 4659 1055 4741 barbara,
1095 4663 1267 4746 personali,
1300 4664 1357 4728 sed
1390 4663 1475 4729 nulli

253 4751 325 4796 1109.
420 4783 566 4848 personae
594 4761 680 4844 (quis
696 4761 941 4829 Cantuariensis
957 4763 1089 4829 futurus
1112 4771 1197 4829 esset
1212 4765 1476 4853 archiepiscopus
