3606 5798
575 853 620 905 ro
641 851 813 907 cmrxrus
835 855 871 908 11.
894 852 1010 908 mour
1032 855 1189 908 rursus.
1341 846 1405 916 231

352 1039 483 1128 glorum
505 1039 661 1108 historias
682 1040 842 1129 relegant,
865 1043 937 1108 tam
960 1039 1175 1110 Eboracensis
1198 1064 1299 1131 quam
1322 1045 1410 1114 Oan-

353 1143 531 1210 tuariensis
553 1143 763 1224 ecclesiarum
785 1143 964 1230 privilegia
987 1145 1168 1230 inquirant,
1190 1167 1252 1216 nec
1272 1149 1411 1216 veritati

355 1267 438 1334 quos
459 1267 528 1312 non
548 1245 651 1313 habet
676 1245 815 1333 angulos
850 1245 1019 1313 inducant
1067 1245 1164 1328 Quod
1197 1249 1227 1314 si
1259 1256 1410 1318 veterum

354 1353 489 1436 patrum
519 1347 686 1416 institutis
720 1355 755 1414 et
788 1345 893 1414 literis
927 1368 995 1413 non
1025 1347 1174 1429 credunt,
1199 1371 1261 1418 nec
1295 1351 1409 1418 verbis

354 1464 478 1532 nostris
499 1463 661 1531 credituri
682 1468 770 1530 sunt
1337 1505 1339 1509 -

400 1566 571 1644 Miramur,
594 1565 762 1652 inquiunt,
785 1565 906 1652 quibus
936 1564 1101 1630 institutis
1124 1570 1276 1634 veterum
1306 1569 1406 1656 glori·
1419 1568 1561 1622 merore

353 1673 463 1747 untur,
495 1669 679 1756 praesertim
712 1689 789 1736 cum
820 1669 944 1735 Beatus
979 1667 1164 1755 Gregorius,
1191 1670 1250 1756 qui
1280 1671 1407 1758 primus
1420 1646 1563 1703 argument.

353 1772 485 1860 populis
515 1770 701 1858 Anglorum
732 1769 998 1836 Christianitatis
1029 1769 1172 1836 officium
1205 1776 1406 1858 procuravit,
1421 1782 1561 1850 Gregorys

353 1879 389 1942 et
410 1873 619 1943 ecclesiarum
648 1878 837 1939 nostrarum
858 1873 947 1960 leges
970 1878 1005 1939 et
1027 1875 1280 1942 consuetudines
1310 1851 1561 1968 insti-,ffss‘ffssfsstwo

352 1978 422 2045 tuit
452 1977 490 2043 in
511 1976 643 2064 Anglia,
667 1976 734 2042 duo
756 1975 865 2062 pallia,
889 1975 972 2042 duas
1003 1976 1096 2042 sedes
1126 1979 1406 2065 metropolitanas,
1419 1982 1563 2047 pausem.

352 2081 619 2148 Lundoniensem
649 2077 806 2146 videlicet
839 2083 874 2144 et
909 2077 1156 2157 Eboracensem,
1186 2080 1269 2146 duos
1298 2049 1571 2181 archi-fflfflffif'

353 2185 522 2272 episcopos
552 2182 720 2250 ordinasse
745 2181 906 2259 videatur,
929 2181 1049 2266 quibus
1078 2186 1154 2266 post
1184 2182 1313 2249 obitum
1335 2185 1482 2251 tiu-‘²¹²⁸’

353 2285 481 2374 paens
503 2285 590 2352 hane
611 2283 859 2350 assensionem
881 2281 1088 2368 imponitur
1109 2283 1168 2368 qur
1191 2285 1283 2371 psus
1305 2247 1563 2366 erasmus,

183 2384 309 2466 Laura
355 2388 537 2464 ordinatus,
559 2385 650 2474 prior
678 2383 859 2452 habeatur:
889 2384 926 2449 id
955 2405 1043 2462 sane,
1066 2389 1106 2450 ut
1128 2384 1271 2466 videtur,
1297 2387 1408 2455 inten-

182 2453 344 2582 ffl}
356 2491 446 2569 dens,
468 2493 599 2556 utnon
622 2487 806 2554 Cantuaria
827 2486 886 2554 sed
908 2485 1085 2552 Lundonia
1106 2489 1298 2575 metropolis
1320 2491 1408 2557 dice·

184 2587 203 2638 i.
215 2593 256 2640 ²⁹·
354 2598 447 2659 retur
477 2595 514 2657 et
544 2595 638 2669 esset,
669 2589 759 2655 unde
789 2609 907 2654 verum
941 2589 1149 2675 sapientibus
1182 2590 1296 2678 liquet,
1329 2593 1408 2678 quia

353 2693 492 2762 alterius
521 2691 712 2779 metropolis
742 2690 980 2758 transmutatio
1009 2690 1107 2756 alteri
1136 2712 1204 2757 non
1226 2695 1406 2773 translatae,

353 2817 415 2865 nec
447 2796 523 2873 fuit,
555 2815 618 2861 nec
651 2815 722 2862 esse
754 2791 880 2872 debuit,
912 2793 1030 2879 priscae
1064 2793 1239 2881 dignitatis
1271 2796 1405 2864 ablatio.

351 2899 420 2968 Sed
442 2896 702 2975 cantuariensis,
728 2895 876 2982 inquam,
899 2894 1100 2982 metropolis,
1122 2917 1184 2963 nec
1212 2903 1291 2966 ante
1320 2900 1405 2966 illud
1419 2911 1579 2981 emersury

352 3002 529 3078 decretum,
561 3019 623 3067 nec
660 3001 736 3084 post
767 2996 931 3064 translata
967 2996 1070 3064 fuisse
1102 2999 1274 3084 reperitur.
1345 3001 1404 3067 Nil
1418 2979 1525 3112 ἓξὲξ
1535 3047 1570 3098 uo

352 3125 430 3191 ergo
450 3104 565 3169 nostra
585 3101 725 3166 interest
740 3099 900 3186 quiequid
920 3098 1009 3165 iuter
1031 3100 1240 3168 Lundoniam
1263 3109 1299 3170 et
1319 3103 1406 3171 Ebo-
1418 3113 1479 3229 pgph
1489 3113 1557 3164 Lon-

351 3227 462 3274 raoam
499 3203 728 3292 distinguitur,
765 3207 901 3269 tantum
947 3202 991 3270 ab
1034 3209 1176 3292 utraque
1214 3205 1406 3274 Cantuarrae

352 3307 511 3375 canonica
525 3305 713 3372 reverentia
726 3309 890 3372 tencatur.
929 3303 1102 3391 Siquidem
1123 3308 1160 3373 in
1176 3307 1405 3377 Ecclesiastica
1418 3323 1475 3376 The
1485 3325 1579 3378 found-

352 3410 504 3476 Historia
542 3407 660 3474 Gentis
697 3405 891 3494 Anglorum,
930 3429 1030 3493 quam
1067 3411 1267 3476 venerabilis
1312 3391 1462 3478 Beda.ing
1473 3393 1553 3444 ΜΘ

351 3511 525 3599 presbyter
551 3509 721 3577 luculento
752 3513 787 3574 et
807 3509 982 3576 verissimo
1016 3511 1105 3596 stylo
1135 3512 1300 3590 describit,
1330 3514 1403 3580 luce
1415 3458 1555 3575 lilla?

352 3619 474 3687 clarius
496 3616 660 3702 estquis
689 3615 890 3702 praedicante
920 3615 1111 3703 Augustino
1140 3623 1175 3684 ct
1204 3620 1300 3686 sociis
1331 3621 1403 3708 ejus
1416 3593 1525 3644 ‘mel

353 3721 495 3788 verbum
532 3717 597 3786 Dei
629 3717 887 3785 cantuariorum
924 3717 1056 3804 populo,
1087 3725 1158 3784 tam
1191 3742 1306 3787 sorum
1342 3745 1403 3789 rex

184 3843 456 3910 Umquam
487 3821 576 3887 idem
607 3818 759 3907 populus,
789 3828 891 3884 relicto
920 3829 1097 3900 genuuutis
1129 3831 1200 3899 ritu,
1233 3833 1342 3889 unitati
1373 3853 1404 3890 se

184 3922 343 3976 luntas.
355 3927 464 3980 sanctae
480 3919 591 3978 Christi
612 3918 742 3976 ecclesias
764 3917 908 3975 credendo
930 3909 1113 3991 sociavere;
1134 3939 1189 3977 nec
1209 3921 1325 3978 distulit
1345 3937 1406 3980 rex

355 4009 540 4085 quinetiam
569 4008 641 4082 ipsis
663 4007 828 4064 doctoribus
857 4007 918 4064 suis
947 4007 1044 4064 locum
1073 4009 1150 4066 sedis
1171 4028 1285 4067 corum·
1301 4013 1406 4084 gradui

353 4117 517 4174 congruum
549 4099 582 4154 in
608 4097 821 4154 Dorobarnensi
851 4097 1006 4169 metropoli
1034 4116 1087 4154 sua
1108 4099 1240 4168 donaret,
1264 4101 1352 4157 simul
1375 4108 1406 4158 et

353 4189 529 4249 necessarius
550 4189 583 4244 in
598 4185 721 4244 dirersis
743 4186 892 4260 speciebus
915 4187 1107 4259 possessiones
1130 4190 1282 4247 conferret.

397 4281 516 4336 Interea
536 4277 584 4335 vir
606 4276 726 4333 Domini
748 4276 933 4348 Augustinus
954 4277 1037 4333 venit
1058 4277 1172 4346 Arelas,
1196 4275 1231 4336 et
1250 4271 1299 4337 ibi
1317 4279 1403 4352 juxta
1415 4293 1559 4360 Augustius

351 4369 430 4444 quod
449 4367 531 4440 jussa
552 4367 647 4424 sancti
669 4366 762 4441 patris
786 4366 921 4438 Gregorii
949 4373 1109 4440 acceperat,
1132 4369 1215 4440 genti
1237 4369 1402 4444 Anglorum
1415 4361 1489 4438 1¹3⁸&
1497 4363 1569 4413 mh·

351 4449 525 4518 ordinatur
538 4457 790 4530 archiepiscopum
812 4473 1000 4528 reversusque
1022 4448 1100 4515 inde
1115 4458 1310 4528 Britanniam,
1329 4453 1401 4538 jam
1415 4427 1506 4546 ml
1517 4437 1543 4481 ²⁸

350 4561 420 4606 non
455 4537 695 4605 Londoniensis
732 4536 791 4602 sed
828 4536 1088 4604 Dorobernensis
1126 4539 1398 4628 archiepiscopus,
1494 4530 1502 4545 '

349 4639 432 4695 misit
453 4637 593 4694 continuo
616 4637 740 4694 Romam
769 4635 960 4692 laurentium
988 4637 1199 4712 presbyterum,
1223 4645 1253 4696 et
1282 4641 1402 4697 Petrum

349 4728 537 4795 monachum,
560 4725 612 4800 qui
643 4727 727 4784 beato
760 4725 893 4800 pontifici
916 4726 1057 4799 Gregorio
1088 4733 1207 4800 gentem
1236 4730 1402 4803 Anglorum
