3410 5840
414 869 477 932 506
837 885 1023 937 Arrusnrx.

242 1084 301 1147 lily,
313 1080 363 1130 und
412 1068 525 1136 Sancti
558 1070 690 1148 Albani,
722 1081 836 1137 Sanctus
865 1080 1076 1151 Etheldreldae]
1109 1083 1235 1153 virginis
1266 1082 1297 1136 in
1320 1083 1419 1153 Hely,
1446 1086 1478 1136 et

243 1151 363 1202 ssfflflffi
410 1181 449 1246 ee
481 1187 546 1240 quse
578 1171 656 1241 apud
679 1171 873 1226 Beumllednm
905 1173 1063 1227 constitute
1094 1173 1272 1228 honorabilis
1294 1169 1490 1226 hebebatur.

410 1261 564 1326 Instituit
586 1264 674 1326 enim
698 1265 733 1327 in
749 1265 883 1330 ecclesia
906 1263 1020 1330 Sancti
1036 1265 1159 1330 Albnni
1182 1265 1339 1329 Ellricum
1365 1263 1479 1328 abba·

411 1372 489 1439 tern,
521 1365 578 1451 qui
610 1366 654 1430 ud
685 1365 1002 1452 archiepiscopatum
1041 1365 1310 1432 Centuuriensem
1349 1372 1479 1452 postea

411 1467 607 1534 sublimatus
633 1469 720 1546 fuit3
750 1470 786 1532 in
810 1469 947 1534 ecclesie
969 1469 1094 1534 Eliensi
1124 1469 1337 1534 Brithnotum
1363 1469 1476 1533 abba·

410 1577 499 1650 tem,
524 1570 754 1634 Beamfletensi
778 1569 922 1636 ecclesiae
944 1570 1178 1636 Godmunnum
1205 1571 1385 1636 constituit
1411 1569 1475 1634 ab·

409 1673 528 1738 batem.
575 1683 751 1736 Monusteria
774 1694 848 1757 quae
871 1672 1094 1738 aedificaverat
1117 1682 1249 1748 euenire,
1262 1683 1349 1737 verbo
1375 1681 1473 1735 simul

409 1792 439 1840 ct
464 1804 559 1856 opero,
584 1798 658 1861 quse
681 1774 798 1840 sulutis
824 1780 920 1840 erent
942 1792 1063 1858 patemo
1087 1775 1251 1862 quoduml
1271 1786 1379 1840 secem
1405 1774 1473 1837 mi-

408 1877 554 1942 nistrare
579 1879 717 1942 curavit.

240 1993 329 2042 Attot
457 1983 507 2044 10.
551 1990 652 2044 Posuit
686 2001 817 2064 quoque
855 1979 902 2068 in
925 1981 1124 2045 monasterio
1158 1980 1328 2046 Remeseie
1363 1980 1472 2044 Abbo

240 2061 394 2190 {553¹}me
408 2082 648 2147 Floriccensem
680 2081 888 2159 monachum,
919 2110 1034 2148 morum
1065 2087 1226 2147 sanctitate
1258 2083 1471 2169 precularum,

240 2194 369 2244 tecolithe
408 2195 557 2248 literarum
589 2195 711 2248 scientie
743 2184 942 2249 excellenter
975 2185 1183 2262 instructum,
1215 2186 1273 2271 qui
1305 2195 1470 2249 monachos

408 2288 546 2367 doceret,
571 2297 662 2351 scelus
690 2293 825 2374 regeret,
850 2293 884 2352 eb
907 2298 938 2351 in
957 2297 1113 2368 discipline
1137 2298 1265 2368 regulari
1287 2303 1318 2352 et
1338 2298 1469 2352 scientis

408 2398 514 2453 literali
537 2390 713 2476 prodesset.
782 2389 950 2454 Dunsteni
981 2391 1115 2476 insuper
1138 2389 1275 2455 hortatu
1298 2399 1469 2471 puscionem

408 2502 491 2556 Beati
507 2501 654 2555 edmundi
675 2500 751 2570 regis
771 2496 806 2555 et
830 2491 987 2577 martyris
1014 2491 1103 2555 idem
1127 2492 1225 2557 Abbo
1248 2491 1468 2556 laudabiliter

407 2593 546 2679 scripsit.
593 2593 711 2658 Postea
735 2592 920 2659 Floriucum
943 2615 1118 2680 regressus,
1134 2599 1168 2658 et
1191 2594 1292 2658 ebbss
1316 2594 1468 2668 effeetus,

407 2720 428 2761 a
452 2695 620 2761 monacbis
643 2697 711 2759 suis
734 2687 903 2760 occiditur.

239 2828 377 2892 Thestor).
455 2803 504 2864 11.
530 2797 614 2862 Cum
640 2803 752 2863 aulem
776 2808 984 2862 monasterinm
1012 2797 1048 2861 in
1074 2797 1244 2884 wigornia
1266 2807 1343 2862 infre
1366 2809 1464 2879 ipsum
1480 2809 1584 2860 minc.

239 2261 331 2310 monks
343 2261 374 2310 of

239 2327 357 2392 Rumsey.

238 2897 503 2959 oltlrcgreatssedem
526 2898 718 2969 episcopalem
742 2903 907 2952 construere
940 2889 1100 2973 coepisset,
1129 2897 1159 2950 in
1192 2915 1249 2968 quo
1280 2909 1355 2953 eum
1389 2911 1463 2953 mo·
1478 2893 1518 2940 1²1³·
1530 2879 1593 2924 234.

238 2969 383 3078 &⁰3:³0ssth
406 2979 520 3043 naehis
543 2993 770 3052 conversaretur,
787 3005 846 3040 non
870 2987 958 3056 longe
982 2987 1019 3041 ub
1041 3005 1127 3057 opere
1149 2977 1222 3062 ipso
1243 2987 1361 3058 quidum
1384 2987 1463 3059 lepis

332 3065 339 3076 ¹
385 3066 531 3147 ‘quadrus
546 3075 671 3146 jacebat,
688 3077 725 3131 ud
740 3076 834 3148 operis
850 3077 988 3132 lubricum
1005 3076 1123 3131 omniuo
1138 3077 1333 3142 necessarium
1359 3089 1461 3152 quem

406 3180 480 3222 cum
501 3158 644 3221 artifices
666 3157 777 3221 levare
803 3156 937 3231 vellent,
953 3167 1035 3237 qussi
1056 3165 1195 3220 radicitus
1211 3173 1296 3221 tcrrae
1312 3156 1461 3232 inhaesit,

405 3262 435 3310 ct
450 3255 531 3310 nullo
547 3262 653 3309 conatu
669 3245 795 3311 moveri
810 3246 929 3331 poluit.
969 3256 1078 3327 Stupor
1093 3255 1196 3326 ingens
1212 3273 1313 3311 omnes
1328 3264 1461 3328 occupat.

406 3345 563 3399 blundutur
585 3345 621 3398 de
644 3346 761 3414 negotio
785 3345 861 3416 putri
883 3345 1014 3400 Oswuldo
1026 3368 1033 3413 ;
1058 3336 1115 3421 qui
1139 3337 1284 3416 venienS,
1307 3352 1338 3400 et
1360 3348 1461 3401 multi·

406 3435 538 3488 tudinem
572 3447 726 3510 magnum
761 3435 838 3490 circu
872 3425 1016 3511 lapidem
1054 3453 1133 3490 casso
1169 3435 1267 3490 labore
1306 3436 1462 3491 sudantem

407 3525 558 3596 aspiciens,
582 3525 705 3579 miratus
736 3530 790 3589 est,
813 3530 843 3579 et
873 3526 1014 3580 attonitus
1044 3529 1134 3590 stans,
1158 3525 1309 3596 Deumque
1341 3526 1462 3582 silentio

407 3615 574 3686 deprecans,
597 3615 710 3686 aspexit
731 3614 762 3668 in
790 3613 886 3686 lupide
910 3615 961 3669 illo
985 3614 1153 3686 AEthiopem
1176 3615 1320 3686 quendum
1350 3616 1461 3682 sedere,

408 3710 438 3759 ot
461 3704 604 3760 obscoenis
621 3694 777 3758 motubus
801 3693 987 3758 laborantes2
1011 3703 1214 3759 subsannando
1230 3705 1368 3760 deridere.
1415 3697 1463 3760 Et

408 3797 507 3848 statim
530 3801 631 3849 contra
653 3794 816 3848 daemonem
847 3795 964 3863 signum
994 3795 1088 3848 crucis
1117 3794 1245 3859 intorsit,
1269 3801 1299 3849 et
1325 3797 1461 3850 territum

406 3876 501 3938 illurn
517 3885 587 3954 lugu
609 3883 664 3938 sibi
680 3883 829 3938 consulere
852 3883 1002 3955 compulit.
1048 3883 1188 3954 stupis,
1205 3901 1291 3955 quem
1312 3885 1463 3956 octoginta

407 3993 521 4029 mouere
544 3974 714 4046 nequibunt,
738 3991 756 4028 a
783 3973 883 4044 paucis
915 3973 1081 4027 hominibus
1113 3973 1251 4029 facillime
1282 3975 1404 4039 levatus,
1428 3976 1462 4030 in

406 4083 491 4135 opcrc
526 4054 710 4120 collocatur.
780 4053 930 4118 Perfecta
960 4053 1074 4138 itaque
1107 4054 1244 4119 ecclesis
1274 4055 1310 4118 in
1337 4055 1461 4122 honore

406 4157 518 4221 Beate
542 4157 666 4234 Murice,
689 4160 723 4220 et
746 4155 953 4242 congregatis
977 4155 1100 4220 ibidem
1124 4156 1320 4242 quibusdum
1346 4179 1460 4223 mone·

406 4260 485 4336 chis,
509 4259 628 4324 cici-ici³
652 4269 682 4322 iu
706 4267 773 4322 scde
805 4266 963 4338 episcopali
995 4257 1158 4335 nonnulli,
1184 4265 1295 4344 spreto
1328 4259 1460 4337 saeeulo,

405 4363 624 4427 monasticum
647 4361 800 4426 habitum
824 4366 1059 4446 susceperunt3
1082 4369 1117 4425 et
1133 4361 1180 4436 ub
1205 4361 1348 4428 ecclesis*
1363 4363 1460 4428 Beati

406 4465 494 4528 Petri
522 4463 564 4527 ad
588 4463 755 4528 ecclesium
784 4463 897 4526 Beatae
920 4463 1044 4538 Merite,
1068 4491 1085 4527 s
1108 4473 1220 4528 clericis
1242 4473 1280 4528 ad
1302 4475 1461 4531 monachos

405 4552 597 4639 episcopalis
620 4563 701 4617 sedes
723 4563 865 4616 translatu
888 4567 939 4617 est.
1051 4547 1055 4554 ¹

406 4695 611 4702 --..-....-.-..-----
619 4696 636 4701 -.
646 4697 668 4701 .-
688 4693 1189 4702 —...—-..---·--r-—--—-—--.⁴—..-u—-
1197 4695 1455 4705 ...ρ-..ι--ιι--ι--κ--ι

439 4754 583 4818 rquucm]
604 4771 653 4804 sm.
666 4755 701 4803 A.
765 4773 768 4782 ·
987 4735 1253 4820 veterescimus.

437 4837 448 4866 ²
464 4833 620 4899 laborantes]
642 4833 791 4894 luborund0,
803 4834 836 4884 A.
