3530 5790
626 892 863 942 raousrsnors
887 893 931 939 or
955 889 1059 940 roan.
1299 876 1365 944 327

311 1081 411 1158 Beda,
435 1082 493 1165 qui
526 1081 613 1146 inter
637 1081 783 1146 illustres
806 1082 950 1147 ecclesia
973 1083 1121 1146 doctores
1136 1081 1364 1147 celeberrimus

311 1182 461 1256 habetur,
496 1183 739 1268 insignissimus
777 1183 848 1268 ejus
892 1183 1023 1246 auditor
1058 1183 1132 1259 fuit,
1178 1182 1362 1268 quemque1

311 1287 380 1370 ipse
403 1291 477 1348 tum
500 1305 560 1370 pro
582 1286 662 1350 vitra
685 1283 896 1361 sinceritate,2
919 1291 991 1348 tum
1015 1307 1074 1370 pro
1097 1307 1211 1359 sensus
1234 1286 1363 1350 subtih-

311 1392 388 1462 tate,
413 1387 496 1450 miro
519 1386 690 1472 amplexus
713 1407 833 1464 amore,
856 1387 957 1472 digno
980 1409 1109 1471 quoque
1145 1388 1363 1452 venerabatur

311 1488 441 1554 honore.

356 1589 507 1674 Denique
539 1611 690 1676 processu
729 1590 884 1674 temporis
917 1590 986 1674 ipse
1024 1589 1193 1654 Johannes
1229 1595 1362 1676 propter
1376 1595 1451 1644 Some
1462 1595 1524 1671 rimo

311 1689 524 1756 affluentem³
562 1691 702 1756 caelestis
727 1691 899 1756 doctrinae
937 1691 1079 1776 gratiam
1118 1691 1158 1755 de
1197 1692 1361 1758 auditorio
1374 1661 1523 1724 atwhuby.

312 1815 379 1870 suo,
403 1795 444 1858 ad
468 1794 630 1858 docendos
653 1793 792 1879 populos
815 1799 850 1856 et
872 1793 1023 1858 ecclesias
1055 1794 1265 1858 instruendas
1296 1795 1359 1858 fra-

312 1903 406 1960 terna
428 1897 550 1980 ubique
573 1896 710 1959 caritate
734 1895 906 1972 invitatus
923 1900 1026 1960 tantae
1049 1895 1252 1961 excellentiae
1270 1897 1361 1960 illus·

313 2009 419 2066 tratus
441 2003 558 2086 gratia,
582 2001 616 2063 in
644 2001 841 2066 rnonasterio
865 1999 1151 2065 Streneshalensi⁴
1182 2001 1362 2087 aliquantis

312 2104 480 2170 detinetur
518 2103 634 2168 diebus
682 2104 725 2167 ab
767 2102 891 2168 Elfledo
936 2102 1113 2168 abbatissa.
1183 2103 1361 2190 Postquam
1376 2111 1463 2162 After-

310 2213 422 2270 autem
446 2227 512 2270 non
535 2204 640 2270 solum
665 2205 719 2280 ibi,
743 2204 925 2268 sedetiam
949 2205 984 2267 iu
1007 2205 1195 2289 regionibus
1226 2179 1513 2294 circum-1',',a,¹,{¹,',7',⁸¹on

311 2307 485 2383 stantibus,
509 2306 646 2369 verbum
670 2305 734 2369 Dei
756 2305 893 2369 rudibus
909 2305 1017 2370 adhuc
1033 2305 1216 2392 Auglorum
1233 2307 1363 2391 populis
1376 2311 1418 2358 ¹¹¹0
1430 2309 1512 2375 Tyne.

311 2408 561 2494 evangelizavit,
599 2408 641 2471 ad
680 2407 905 2471 heremiticam
943 2429 977 2470 se
1016 2407 1210 2472 conferens⁵
1248 2409 1363 2486 vitam,

311 2532 409 2595 super
432 2510 537 2596 ripam
561 2509 654 2594 'syna
678 2509 773 2572 fluvii
799 2509 835 2572 in
859 2508 928 2574 loco
963 2510 1019 2593 qui
1053 2509 1257 2594 rlrvwsbuup
1282 2511 1362 2575 dici-

312 2617 376 2688 tur,
413 2613 501 2698 quod
538 2612 778 2696 interpretatur
818 2611 911 2675 Mons
950 2611 1089 2695 Aquihe,
1129 2612 1186 2675 diu
1219 2613 1362 2698 seipsum

312 2714 382 2778 Deo
405 2715 440 2778 in
465 2735 584 2799 magua
607 2711 893 2799 contemplationis
917 2713 1061 2797 puritate
1084 2713 1279 2779 immolavit.

357 2816 423 2879 Sed
445 2837 519 2880 cum
555 2821 640 2879 esset
673 2815 724 2877 vir
755 2814 865 2878 meriti
899 2814 1084 2900 singularis
1108 2821 1142 2878 et
1164 2815 1362 2902 Apostolicae
1376 2824 1512 2889 Bishopof

311 2918 426 3002 gratiae
459 2914 641 2980 virtutibus
674 2917 822 3002 insignis
857 2939 898 2979 ne
933 2921 1029 2980 tanta
1061 2916 1198 2980 Domini
1230 2917 1363 2982 lucerna
1376 2892 1518 3009 ffiffflk·

311 3019 505 3083 submodio
528 3024 616 3083 tecta
650 3018 776 3094 lateret,
800 3019 876 3083 inde
910 3018 1070 3103 principio
1102 3017 1219 3103 regni⁶
1241 3018 1363 3082 Alhidi

311 3125 508 3206 assumptus,
545 3119 650 3204 primo
682 3119 725 3182 ad
758 3117 1081 3205 Haugustaldensem
1114 3119 1281 3184 ecclesiam
1305 3141 1363 3204 pro

311 3221 469 3286 defuncto
493 3221 577 3284 Eata
610 3220 822 3296 substitutus,
844 3226 879 3283 et
902 3220 1109 3304 postmodum
1143 3221 1185 3284 ad
1219 3222 1363 3286 ecclesia

312 3323 523 3388 Eboraceusis
556 3322 744 3386 cathedram
778 3344 837 3406 pro
869 3322 1025 3386 defuncto
1057 3321 1143 3386 Bosa
1175 3323 1362 3398 translatus,

312 3423 463 3512 magnis⁷
486 3425 522 3488 in
545 3430 686 3509 utraque
709 3424 785 3488 sede
809 3423 929 3488 claruit
951 3423 1128 3489 miraculis.
1174 3425 1262 3504 Quia
1283 3447 1362 3489 vero

312 3524 538 3614 pr·aecedente⁸
562 3534 717 3612 tempore,
733 3527 813 3591 dum
836 3526 906 3612 ipse
922 3525 1031 3590 adhuc
1053 3526 1254 3590 auditorium
1272 3549 1361 3613 rege-

311 3637 369 3706 ret,
393 3629 507 3694 multae
530 3629 717 3694 sanctitatis
740 3633 775 3692 et
798 3627 945 3693 scientiae
970 3627 1078 3712 plures
1101 3626 1265 3693 habuerat
1298 3629 1365 3692 dis·

312 3729 444 3817 cipulos
468 3730 508 3794 de
532 3730 612 3815 ipsis
635 3729 845 3815 postmodum
869 3729 912 3793 ad
928 3727 1158 3814 pontificatum
1175 3735 1365 3814 assumptus

312 3833 523 3898 electissimos
546 3832 645 3897 sacris
669 3831 840 3895 ordinibus
863 3830 1075 3916 mancipavit,
1092 3835 1126 3894 et
1148 3831 1190 3895 ad
1214 3853 1365 3896 reveren·

313 3935 391 4000 dum
419 3933 501 3999 sacri
525 3933 638 3998 altaris
663 3933 884 3998 ministerium
907 3932 1024 4018 dignos
1048 3932 1119 3996 Deo
1142 3939 1365 4018 cooperatores
1377 3973 1470 4024 John’s

313 4037 485 4124 promovit.
543 4035 591 4098 De
615 4034 737 4120 quibus
771 4041 822 4099 est
855 4033 912 4098 ille
946 4033 1146 4098 clarissimus
1179 4035 1364 4121 Anglorum
1376 4040 1513 4156 {egestu

348 4335 502 4400 ¹‹prcuupre]
524 4349 598 4398 quern
617 4345 650 4396 et,
677 4336 704 4383 13.
729 4334 758 4385 G.
782 4331 841 4435 DC!
896 4333 1065 4398 ⁵consercus]
1092 4333 1209 4395 offerens,
1229 4335 1260 4383 B.
1281 4335 1311 4385 C.
1332 4335 1365 4384 D.

327 4419 335 4436 ¹
381 4453 386 4464 .
428 4453 434 4465 .
864 4413 892 4460 F.
932 4449 937 4462 .

315 4416 531 4557 Εᾈῖἠῖινὶίαῑυ]
553 4491 694 4550 sanctitate,
703 4493 733 4540 Β.
743 4489 772 4541 C.
782 4491 814 4540 D.
839 4460 842 4533 l
897 4413 1006 4556 66νεφιέ]
1026 4490 1100 4556 regis,
1111 4491 1142 4542 B.
1156 4492 1188 4544 G.

315 4577 346 4626 E,
358 4574 390 4624 p,
897 4569 907 4608 ⁷
926 4571 1032 4636 magnas]
1053 4585 1101 4635 que
1113 4571 1159 4620 ins.
1172 4573 1203 4622 B.
1217 4573 1249 4622 G.

348 4657 358 4686 ³
374 4650 528 4715 qfflrrerrtrm]
549 4649 699 4710 effluentem,
711 4651 742 4701 Β.
756 4649 788 4699 G.
897 4649 908 4681 ⁸
924 4649 1089 4718 macedonio]
1110 4651 1270 4714 procedente,
1283 4653 1313 4702 13.
1325 4651 1357 4703 G.

348 4735 357 4765 ⁴
377 4728 585 4794 Sermesltcleusi]
608 4728 815 4790 Streuesale‚E.;

315 4810 507 4870 Strenesalensi,
520 4812 548 4861 B.
562 4811 591 4862 G.
603 4811 636 4860 D.
650 4809 682 4861 G.
