3606 5798
669 882 831 936 rucroac
852 879 1032 936 incuruo.
1303 857 1369 931 2'6'7

311 1071 467 1140 fundatio
488 1077 590 1160 atque
619 1071 789 1159 provectio
820 1071 1023 1140 celeberrimi
1059 1069 1252 1140 monasterii
1283 1061 1519 1191 Ὲοη-ξὶἰξὲᾞ

312 1179 469 1255 tenensis,
506 1183 558 1270 et
576 1176 771 1244 'monasterii
808 1176 850 1242 de
888 1165 1117 1264 Hagustalde3
1163 1175 1371 1262 aliorumque
1382 1166 1458 1249 ornei
1464 1212 1518 1274 gna

315 1286 391 1348 octo
412 1279 572 1346 fundator
593 1279 737 1344 eximius
759 1279 884 1345 extitit
1066 1297 1071 1307 ·
1382 1271 1511 1316 munes.

359 1385 464 1472 cujus
501 1385 694 1451 monasterii
737 1383 956 1451 Fontanensis
993 1383 1072 1451 talis
1108 1383 1262 1450 fundatio
1301 1391 1531 1458 esaemeongin

314 1487 517 1575 perhibetur.
556 1485 711 1552 Monachi
745 1486 881 1571 quidam
925 1485 1068 1554 ecclesiae
1104 1486 1217 1552 Beatae
1255 1485 1370 1552 Mariae
1381 1460 1505 1578 ἔξω

317 1591 540 1668 Eboraeensis,
564 1582 738 1656 duedecim
753 1587 808 1654 vel
823 1581 989 1666 tredecim,
1012 1587 1179 1654 feruentes
1201 1587 1323 1675 spiritu
1337 1593 1373 1654 et
1383 1593 1474 1660 abbey·

316 1692 542 1779 scrupulosam
557 1691 718 1758 habentes
740 1689 981 1770 conscientiam,
994 1690 1038 1756 'eo
1054 1691 1142 1776 quod
1159 1690 1256 1756 Beati
1267 1691 1373 1756 Bene-

309 1794 400 1860 dicti
422 1793 580 1880 regulam,
604 1811 705 1880 quem
734 1791 872 1879 professi
906 1797 1011 1870 erant,
1034 1794 1145 1858 minus
1166 1793 1210 1860 ad
1241 1793 1373 1888 literam

318 1897 549 1975 observarent3
581 1901 615 1962 et
638 1896 717 1982 quia
751 1893 977 1960 Cisterciensis
1007 1895 1140 1974 ordinis,
1175 1895 1233 1982 qui
1267 1917 1373 1982 nuper

316 1998 387 2065 e'sse
410 2003 564 2085 coeperat,
587 1997 676 2063 fama
695 1996 766 2083 jam
789 1996 925 2063 celebris
949 2001 1029 2075 erat,
1044 2001 1084 2062 ut
1105 1997 1233 2084 aliquid
1255 1997 1373 2062 melius

315 2099 501 2186 fortiusque
548 2103 694 2186 agerent,
740 2119 838 2163 suum
884 2098 1124 2186 monasterium
1159 2099 1373 2186 reliquerunt.

319 2203 467 2283 Quorum
490 2201 640 2267 studium
662 2199 836 2287 zelumque
862 2201 1060 2270 venerabilis
1083 2201 1282 2268 Thurstinus
1304 2223 1374 2267 am·

317 2304 435 2391 plexus
458 2307 519 2382 eet,
546 2323 602 2370 eos
633 2308 771 2388 paterne
793 2302 976 2388 suscipiens
999 2307 1034 2368 et
1048 2309 1207 2370 maternae
1238 2305 1374 2392 pietatis
1451 2337 1456 2346 ·

317 2405 394 2472 sinu
415 2405 541 2484 fovens,
563 2403 702 2471 tandem
725 2404 761 2470 in
784 2403 855 2470 loco
878 2409 1002 2491 pastus,
1018 2405 1077 2492 qui
1099 2405 1221 2472 Fontes
1243 2396 1374 2485 dicitur,
1487 2441 1492 2450 ·

320 2506 498 2573 collocavit
535 2527 597 2585 eos,
631 2505 691 2570 ubi
730 2510 855 2588 extunc
888 2510 923 2571 et
945 2505 1108 2592 deinceps,
1139 2512 1300 2592 tanquam
1333 2508 1528 2574 deuounmnr

322 2609 475 2675 fontibus
497 2605 683 2674 Salvatoris
706 2607 807 2674 multi
834 2607 1016 2674 hausenmt
1038 2629 1140 2696 aquas
1162 2609 1317 2676 salientes
1339 2585 1527 2704 infflnfl'}32

319 2711 426 2776 vitam
464 2715 645 2776 aeternam:
692 2709 897 2796 fundataque
944 2709 1010 2775 fuit
1047 2709 1164 2777 domus
1186 2711 1299 2778 eadem
1339 2712 1376 2778 in
1528 2688 1536 2706 ⁹

319 2831 407 2878 anno
429 2810 564 2880 umens
586 2821 725 2889 xxxin,
748 2816 846 2878 sexto
868 2811 935 2878 kal
959 2812 1122 2880 Januarii.

364 2913 564 2980 iburetinus
580 2933 660 2978 vero
683 2918 760 3000 poet
784 2913 931 2980 reditum
957 2935 1056 2980 suum
1071 2915 1113 2982 de
1128 2915 1229 2983 Terra
1244 2916 1375 2999 Sancta,
1386 2925 1509 2978 Thmui

321 3015 450 3081 divitiis
479 3014 694 3082 secmaribus
731 3015 831 3080 simul
863 3021 898 3082 et
934 3015 1115 3084 honoribus
1151 3019 1377 3088 monachalem
1387 2993 1544 3112 mm

321 3123 551 3207 paupertatem
574 3121 791 3197 commutans,
818 3119 963 3207 suscepit
984 3119 1137 3186 habitum
1159 3123 1526 3190 monasticumhisretum

321 3223 412 3310 apud
434 3220 728 3300 Pontemfractum,
752 3227 788 3288 et
811 3221 898 3288 obiit
920 3244 1022 3289 senex
1044 3230 1079 3290 et
1100 3224 1218 3312 plenus
1241 3227 1377 3306 dierum,
1387 3191 1527 3312 ffifine·

321 3343 418 3390 anno
430 3323 549 3410 gratim
571 3331 640 3389 um.
665 3322 771 3401 oxma,
786 3323 868 3392 viii0.
890 3323 966 3389 idus
993 3324 1174 3406 Februarii,
1196 3348 1284 3396 anno
1307 3324 1452 3395 sua·Dies
1465 3333 1493 3375 ”t

321 3425 410 3513 cepti
431 3425 732 3512 archiepiscopatus
761 3426 869 3490 xxvia
884 3451 893 3508 ;
907 3425 1010 3514 cujus
1042 3447 1159 3516 corpus
1190 3436 1266 3518 post
1295 3433 1378 3499 duos

322 3549 427 3594 annos
457 3532 628 3616 repertum
650 3531 701 3594 eet
738 3527 1000 3598 odoriferumct
1030 3530 1264 3620 incorruptum.
1326 3535 1545 3624 Dennappw.

324 3651 390 3717 quo
412 3628 594 3696 Thurstino
616 3627 779 3696 monacho
802 3637 1039 3718 postmortem
1062 3633 1133 3720 ejus
1159 3636 1290 3704 cuidam
1313 3635 1379 3707 fide
1389 3625 1495 3704 ⁸⁸⁰⁰&

323 3733 425 3819 digno
440 3731 530 3819 apud
546 3731 829 3800 Pontemfractum
852 3733 889 3798 in
912 3727 1034 3800 somnis
1057 3735 1179 3824 legitur
1193 3740 1377 3829 contigisse,
1389 3692 1512 3809 illm

322 3835 408 3902 sicut
430 3837 568 3900 notatur
590 3834 627 3899 in
649 3834 703 3900 his
725 3836 897 3902 versibus.1
1186 3853 1187 3856 ’
1389 3824 1473 3876 ‘¹0²⁰'-

367 3959 686 4074 Clericus'insignis,
710 3975 880 4054 Galfridbs
903 3987 1048 4077 Trocope
1070 3991 1187 4074 dictus,
1390 4005 1491 4060 flastra

412 4086 708 4175 Notinghamensis
730 4089 933 4156 archelevita
954 4091 1028 4160 fuit.
1388 4073 1515 4138 merope,

1388 4139 1546 4192 archdcecou

367 4188 448 4256 Post
470 4195 610 4258 mortam
631 4191 754 4290 praesul
777 4193 815 4258 in
836 4193 960 4260 somnis
982 4195 1115 4261 vidit-
1278 4243 1282 4250 ·
1388 4205 1546 4274 “1³⁰le-

412 4295 525 4380 Amne
547 4293 727 4379 requisitus
750 4295 913 4381 quomodo
934 4296 1025 4376 iecit,
1047 4297 1142 4364 aitz²
1388 4271 1449 4324 Μ

357 4541 365 4573 ¹
385 4541 417 4644 ln
428 4541 473 4591 the
484 4540 541 4592 MS.
554 4555 598 4592 ara
609 4542 679 4592 these
690 4543 782 4604 words,
794 4546 810 4571 ‘⁶
818 4543 1015 4610 Clcmeuthorpe
1034 4546 1101 4600 intra
1117 4548 1211 4604 liboris
1230 4553 1380 4610 tundamen-

324 4625 389 4671 tum.
399 4621 406 4644 ’

357 4703 368 4736 ²
386 4704 418 4754 In
431 4703 473 4753 the
485 4702 587 4770 margin
599 4717 641 4752 are
653 4702 725 4753 thece
736 4710 788 4754 two
799 4704 883 4755 linea.-

423 4785 438 4809 “
456 4781 490 4832 In
508 4782 604 4832 somnis
621 4782 722 4832 cuidam
739 4784 861 4847 quaerenti
879 4787 1007 4850 quomodo
1024 4786 1093 4852 feeit,

490 4864 505 4888 ⁸⁴
521 4860 622 4912 Proecul
638 4859 792 4914 Thorctinac
808 4862 869 4916 talia
885 4863 954 4916 dicta
969 4865 1064 4918 aaut?

1388 3391 1545 3444 Pontefract.
1619 3427 1629 3442 .
