3582 5798
598 889 642 936 nr
666 889 767 938 nuos
791 890 861 938 ras
885 889 1053 938 crrnrron.
1294 877 1356 944 107

307 1077 443 1163 ligiosus
467 1077 575 1142 incola
609 1077 761 1164 religioso
785 1076 876 1142 exuli
900 1099 996 1143 omne
1023 1077 1172 1142 studium
1206 1077 1359 1142 humaui-

309 1180 387 1244 tatis
411 1179 572 1244 exhibuit.
620 1180 781 1244 Similiter
804 1185 838 1244 et
869 1181 1016 1244 canonici
1048 1179 1237 1264 metropolis
1261 1179 1359 1256 illius,

308 1283 428 1367 quibus
452 1303 511 1347 nec
534 1282 639 1367 magis
667 1282 795 1346 nobiles
818 1303 879 1346 nec
902 1282 1046 1346 nobilius
1078 1281 1228 1346 liberales
1253 1281 1361 1346 Gallia

308 1383 418 1450 habet.
658 1387 660 1392 ’

353 1487 507 1571 Dumque
531 1487 578 1550 ibi
605 1488 879 1572 peregrinaretur,
912 1487 1053 1571 contigit
1084 1508 1194 1572 regem
1219 1486 1359 1571 W[illel·
1372 1471 1501 1589 Qffls
1582 1475 1586 1484 ⁸

309 1589 414 1673 mum]
452 1589 523 1652 diro
554 1589 737 1653 infortunio
775 1590 1012 1672 interemptum
1051 1609 1128 1654 esse.
1195 1589 1507 1670 chricus11.‚nug.,

310 1713 397 1768 vere,
420 1691 523 1754 frater
545 1691 624 1776 ejus,
649 1692 707 1776 qui
731 1697 803 1756 erat
825 1712 898 1756 cum
923 1713 961 1754 eo
992 1691 1028 1752 in
1051 1691 1182 1776 Anglia,
1205 1693 1361 1757 successit
1377 1675 1441 1722 ΑΜ·
1456 1679 1528 1736 ¹¹⁰⁰·

310 1794 340 1858 ei
363 1794 399 1856 in
430 1815 538 1878 regno.
584 1793 749 1858 Robertus
781 1815 887 1858 comes
919 1793 1141 1871 Normanniae‚
1165 1796 1222 1879 qui
1252 1778 1510 1908 fueratssessffdby

310 1897 346 1959 in
378 1901 491 1962 sancto
526 1897 674 1962 exercitu
710 1895 753 1961 ad
787 1896 1041 1982 expugnandam
1077 1896 1269 1975 Jerusalem,
1293 1889 1360 1962 non
1373 1910 1461 1974 Henry
1474 1911 1523 1959 anu

310 1997 416 2064 multo
454 2003 529 2083 post
563 1999 600 2061 in
639 1998 881 2063 Normanniam
919 1997 1024 2062 rediit.
1088 1998 1239 2078 Qualiter
1273 2001 1360 2064 inter
1373 1978 1478 2026 ΒΜ·

310 2100 428 2164 fratres
458 2101 624 2176 convenit,
648 2107 682 2166 et
713 2101 795 2164 satis
827 2107 944 2164 notum
981 2105 1031 2164 est
1063 2106 1097 2165 et
1131 2107 1244 2166 nostra
1276 2101 1361 2166 nihil
1406 2085 1411 2094 ¹

311 2204 456 2270 interest.

355 2308 482 2372 Audito
505 2307 661 2392 Tshoma]
686 2307 940 2392 archiepiscope
964 2308 1022 2392 qui
1047 2313 1125 2374 tunc
1152 2315 1223 2373 erat
1246 2311 1282 2372 in
1306 2297 1487 2414 Blialiii?

311 2433 388 2497 pun,
428 2411 468 2476 de
506 2417 611 2474 morte
650 2412 745 2495 regia
777 2411 960 2474 accelerans
1000 2433 1113 2475 versus
1146 2401 1531 2494 Lundoniaru,fr‹im1tipon

311 2513 435 2578 obtunc
473 2513 605 2577 audivit
644 2512 826 2576 Henricum
861 2534 971 2596 regern
1010 2535 1078 2576 csse
1117 2521 1341 2578 consecratum
1356 2499 1520 2613 ;{3{ffl¹¹

312 2615 398 2699 quod
422 2637 508 2700 tegre
540 2614 647 2678 ferens
675 2613 877 2677 lundoniam
904 2615 1066 2698 pervenit,
1091 2615 1292 2701 inventoque
1317 2618 1533 2706 dirumpunt

311 2737 398 2782 novo
432 2739 510 2802 rege
542 2722 576 2780 et
603 2716 772 2801 episcopis,
796 2721 994 2799 conquestus
1028 2722 1078 2780 est
1112 2719 1268 2803 injuriam
1302 2697 1521 2784 sibi¹⁸t⁰⁰¹³¹⁹'

311 2819 432 2884 factam
456 2819 497 2884 de
524 2819 610 2904 regis
641 2818 895 2894 consecratione,
920 2839 1019 2902 quam
1054 2841 1095 2882 cx
1124 2819 1198 2904 jure
1222 2821 1365 2886 ecclesiae
1403 2855 1407 2862 ·

313 2920 377 2984 sibi
400 2927 583 3008 competere
615 2925 741 2984 certum
775 2924 853 2996 crat,
878 2941 953 2983 curn
979 2918 1228 2986 Cantuariensis
1259 2924 1364 2987 archi·
1452 2989 1458 2998 ‚

313 3022 483 3107 episcopus
521 3043 588 3086 non
619 3021 754 3086 adesset.
817 3020 889 3085 Nec
926 3021 1079 3085 auditum
1119 3021 1268 3101 hahebat,
1307 3047 1366 3089 nec

312 3123 541 3190 ecclesiasticae
574 3124 825 3189 consuetudinis
849 3129 920 3186 erat
943 3145 1053 3208 regem
1082 3125 1145 3188 nisi
1178 3127 1220 3190 ab
1255 3127 1366 3212 aliquo

313 3226 406 3311 regni
438 3227 490 3288 sui
521 3224 764 3310 archiepiscopo
797 3226 976 3289 consecrari
1009 3225 1132 3289 debere.
1181 3226 1276 3306 Quod
1310 3252 1366 3293 nc-

314 3349 479 3412 quaquam
513 3326 658 3391 refellere
689 3327 847 3403 valentes
872 3349 929 3390 rex
954 3333 988 3390 ct
1021 3328 1164 3412 episcopi
1196 3329 1367 3395 humiliter

315 3429 479 3516 deprecati
504 3435 583 3493 sunt
606 3451 681 3492 eum
709 3451 750 3493 ne
773 3429 910 3515 gravius
941 3430 1113 3515 acciperet,
1137 3432 1281 3498 dicentes
1305 3435 1366 3498 fes-

314 3534 456 3598 tinatam
484 3554 553 3596 esse
584 3532 871 3607 consecrationem,
895 3555 936 3596 nc
960 3533 1179 3617 praestolando
1203 3559 1277 3601 cum
1310 3540 1367 3622 qui

315 3636 356 3700 de
392 3635 487 3722 longe
522 3639 593 3698 erat
630 3655 768 3719 regnum
807 3634 944 3698 fortasse
983 3635 1180 3700 turbaretur.
1239 3639 1367 3718 Quibus
1382 3653 1519 3729 rhetiae

316 3738 425 3804 verbis
449 3737 598 3823 placatus
621 3743 679 3800 est.
727 3736 809 3800 Erat
835 3736 924 3800 enim
955 3737 1036 3801 satis
1059 3742 1223 3804 mansueti
1255 3744 1366 3826 animi,
1380 3721 1523 3850 }{‡ff;¹*f“⁰'

316 3849 350 3907 et
381 3841 493 3906 morbo
520 3845 555 3903 et
588 3840 679 3902 senio
703 3843 784 3903 tunc
818 3837 996 3923 plurimum
1032 3839 1232 3906 debilitatus.
1280 3845 1518 3910 Lim-accounts}

316 3945 423 4011 doniae
468 3949 581 4028 postea
622 3941 759 4006 concilio
799 3947 985 4016 convocate,
1025 3941 1296 4029 archiepiscopus,
1335 3956 1369 4012 et
1381 3923 1428 3970 for.

317 4047 468 4134 episcopi,
492 4045 657 4130 principes
687 4050 722 4108 et
753 4065 910 4128 proceres,
933 4049 967 4106 et
1001 4043 1068 4118 alii,
1091 4043 1186 4109 factis
1210 4049 1278 4132 regi
1310 4051 1369 4115 ho-

317 4149 437 4229 miniis,
461 4155 495 4212 et
529 4147 748 4211 fidelitatibus
777 4146 908 4231 juratis
939 4167 1076 4231 regnum
1100 4149 1130 4212 ei
1164 4170 1369 4218 assecurave-

317 4257 403 4316 runt.
450 4249 732 4334 Archiepiscopus,
756 4269 776 4312 a
799 4270 873 4334 rege
904 4247 1040 4313 licentia
1068 4257 1210 4336 accepta,
1234 4254 1368 4320 domum

317 4353 510 4440 regreditur,
534 4374 595 4417 nec
618 4352 773 4436 deinceps
796 4372 865 4414 sese
889 4350 1055 4415 viderunt.

362 4455 411 4520 De
434 4455 679 4540 archiepiscopo
703 4453 848 4518 breviter
863 4454 1082 4540 recapitulare
1106 4457 1188 4523 volo.
1228 4460 1369 4540 Quando

318 4557 636 4642 archiepiscopatum
679 4556 832 4642 suscepit,
871 4562 991 4622 cuncta
1027 4557 1141 4622 hostili
1183 4567 1368 4630 vastatione
1382 4577 1435 4627 The
1445 4583 1511 4641 aare

319 4659 518 4746 depopulata
548 4664 583 4724 et
616 4663 748 4723 vastata
779 4659 927 4738 invenit,
960 4660 1000 4724 de
1035 4667 1160 4747 septem
1196 4669 1360 4733 canonicis
1382 4644 1464 4693 osche

1363 4722 1369 4746 l
1446 4711 1451 4720 ⁵
1492 4739 1493 4742 ,

322 4764 401 4848 (non
424 4763 512 4828 enim
546 4761 656 4848 plures
679 4761 834 4846 fuerant)
858 4766 926 4825 tres
949 4763 984 4825 in
1007 4764 1144 4829 civitate
1168 4771 1202 4830 et
1234 4769 1369 4836 ecclesia
1382 4725 1509 4775 province,
