3454 5816
420 887 485 950 492
605 939 607 944 .
843 900 1030 950 Arsurum.

249 1097 371 1176 Becomes
417 1096 557 1167 praedicto
591 1087 714 1153 Sancto
749 1097 854 1162 odoni,
886 1088 964 1154 licet
1001 1109 1069 1152 non
1092 1088 1292 1162 immediate,
1327 1096 1486 1152 successit.
1499 1100 1605 1161 Eudae,

248 1168 399 1281 fflssnwd
418 1185 476 1240 Hie
499 1187 599 1240 audita
622 1187 736 1242 eximiae
763 1188 927 1244 sanctitatis
960 1188 1048 1252 fama,
1072 1205 1137 1258 qum
1161 1187 1285 1244 Beatum
1308 1185 1486 1244 Oswaldum
1499 1181 1523 1230 Ρ·
1537 1173 1571 1216 15.

249 1303 314 1346 sm,
344 1249 389 1282 Μ’
418 1276 640 1347 circumquaque
671 1276 889 1347 magnificabat,
912 1277 1033 1332 mittens
1064 1277 1217 1332 accersivit
1239 1294 1324 1342 eum;
1347 1294 1386 1332 ax
1413 1293 1486 1330 con-

417 1366 582 1422 versatione
614 1365 693 1421 illius
731 1367 857 1438 pleniter
888 1365 1015 1424 ediscere
1051 1366 1190 1437 gestiens,
1223 1366 1344 1436 vulgatu
1376 1365 1486 1437 opinio

416 1472 523 1510 verane
546 1455 687 1520 extiterit,
711 1474 811 1512 necue.
858 1455 928 1510 Post
950 1451 1062 1512 autem
1092 1456 1204 1527 aliquot
1231 1455 1293 1511 dies
1325 1461 1485 1526 comperto

416 1545 493 1616 quod
525 1545 729 1615 investigabat,
754 1547 880 1602 multum
902 1551 1041 1618 prcustarc
1072 1545 1133 1602 illis
1155 1563 1221 1616 qum
1253 1546 1332 1600 fama
1363 1545 1484 1616 disper-

416 1640 502 1698 serat,
527 1625 643 1704 gavisus
666 1641 719 1700 cst,
744 1641 774 1690 et
806 1637 837 1690 in
860 1634 1022 1705 gratiarum
1056 1635 1183 1690 actiones
1218 1635 1268 1706 pio
1290 1635 1352 1690 Deo
1390 1634 1485 1690 corde

415 1731 445 1778 et
468 1742 516 1779 oro
540 1725 658 1780 solutus.
706 1715 788 1782 Haec
814 1717 903 1781 inter
929 1717 1050 1782 Beatus
1065 1715 1271 1792 Dunstanus,
1294 1725 1375 1780 odito
1400 1737 1484 1800 rege

416 1814 541 1883 Edgaro,
564 1815 761 1872 venerandum
792 1814 957 1870 oswaldum
980 1832 1078 1870 secum
1109 1813 1240 1880 adduxit,
1265 1821 1396 1886 eumque
1425 1831 1484 1885 pro

414 1904 526 1958 meritis
558 1904 617 1958 suis
651 1905 706 1976 ipsi
739 1905 972 1960 commendatum
1007 1903 1199 1960 familiaritati
1232 1904 1313 1958 illius
1346 1904 1481 1958 induxit.

248 1990 358 2065 lemane
417 1983 461 2048 Et
483 1984 582 2068 paulo
597 1990 681 2069 post,
696 1985 895 2070 praecipente
918 2007 1003 2070 rege,
1020 1985 1152 2050 volente
1175 1981 1269 2061 clerc,
1292 1989 1327 2048 ct
1349 1985 1482 2070 populo

245 2057 397 2175 l'ffi‘ssle's‘gr·
415 2085 638 2163 confirmante,
661 2092 696 2150 et
728 2093 936 2152 consecrante
959 2108 1035 2151 eum
1069 2085 1192 2152 Sancto
1226 2085 1414 2162 Dunstrno,
1442 2086 1480 2148 in

415 2189 638 2276 episcopatum
661 2187 923 2278 Wigorniensem
947 2189 1147 2255 sublimatus
1171 2195 1229 2254 est.

740 2471 948 2538 Csrircnun
972 2472 1154 2554 Qurauun.

246 2671 348 2722 oswald
458 2657 586 2712 Functus
609 2673 678 2727 ergo
700 2657 747 2711 vir
769 2657 823 2712 Dei
847 2656 1028 2728 pontificatu,
1047 2648 1297 2712 multitudinem
1320 2647 1356 2711 in
1381 2647 1475 2712 vlam
1490 2665 1577 2730 Id.pp.
1591 2669 1625 2712 lt·

244 2739 342 2816 revives
351 2755 402 2790 1110·
414 2746 598 2802 roctitudinis
630 2737 872 2804 exorbitantem
908 2748 939 2800 iu
974 2747 1052 2802 viam
1081 2745 1205 2816 justitias
1237 2745 1373 2802 reducere
1407 2765 1474 2817 gee-
1491 2736 1529 2782 ¹⁷·

245 2807 366 2858 ffl⁰¹¹¹⁸¹¹l
414 2837 501 2901 tiens,
536 2836 645 2891 duecte
678 2838 708 2891 in
744 2836 869 2892 Galliam
903 2837 1017 2902 cantic,
1052 2835 1240 2902 Germanum,
1264 2831 1361 2906 cujus
1381 2854 1472 2908 supra

412 2927 607 2991 meminimus,
631 2931 661 2980 ct
683 2926 755 2980 alios
778 2925 882 2980 timore
905 2926 1023 2980 Domini
1055 2925 1194 2996 praeditos
1217 2926 1294 2980 viros
1328 2926 1399 2980 fecit
1423 2944 1472 2981 ve·

411 3016 476 3070 nire
506 3015 542 3068 ad
577 3033 617 3079 se,
646 3015 774 3086 ipsorum
805 3015 943 3070 videlicet
974 3033 1028 3086 ope
1059 3032 1093 3070 ac
1126 3015 1318 3085 religiositate
1350 3016 1471 3070 illorum

412 3104 531 3174 cupiens
554 3104 800 3174 irreligiositatem
824 3105 976 3174 corrigere.
1023 3105 1127 3175 Itaque
1151 3103 1313 3160 Germanus
1336 3104 1373 3160 ad
1396 3123 1471 3175 pou-

412 3193 520 3247 tificem
554 3195 684 3258 veniens,
716 3194 873 3248 honorifice
904 3199 1053 3266 susceptus
1079 3200 1132 3250 est.
1177 3195 1250 3250 Erat
1281 3195 1360 3248 enim
1395 3195 1473 3249 benc

411 3283 572 3350 religiosus,
611 3284 699 3338 sacris
731 3284 836 3338 litteris
868 3291 898 3338 et
912 3283 991 3356 fpiis
1023 3282 1127 3338 studiis
1160 3284 1291 3354 apprime
1329 3284 1471 3338 imbutus.

412 3372 562 3427 Venerunt
584 3378 724 3443 praetcrea
755 3373 793 3426 ad
815 3373 938 3427 Beatum
965 3372 1130 3427 Oswaldum
1163 3377 1231 3426 ante
1263 3371 1326 3442 ejus
1358 3373 1470 3427 adren-

412 3467 475 3515 tum
497 3462 631 3515 nonnulli
663 3480 698 3516 ex
721 3462 885 3532 Anglorum
915 3463 1048 3534 prosapia
1082 3462 1155 3527 nati,
1180 3479 1260 3516 sacro
1293 3461 1383 3532 ipsius
1406 3481 1470 3516 ma·

412 3551 530 3620 gistorio
554 3570 583 3605 sc
607 3552 770 3616 subdentes,
795 3557 824 3606 ot
847 3569 913 3606 eum
936 3551 991 3606 sibi
1014 3556 1127 3624 patrem
1159 3557 1246 3621 atque
1269 3557 1411 3606 rectorem
1435 3554 1468 3606 in

411 3641 459 3694 via
483 3659 547 3710 quaa
571 3641 652 3694 ducit
674 3641 712 3695 ad
741 3641 833 3694 vitam
856 3641 1073 3698 constituentes.
1120 3641 1202 3694 Inter
1233 3641 1287 3694 hos
1309 3637 1381 3695 erat
1403 3643 1468 3712 qui-

411 3729 489 3794 dam,
522 3729 674 3784 Ednothus
705 3730 833 3794 nominc,
862 3730 921 3801 qui,
957 3729 1049 3800 gradu
1083 3729 1236 3786 sacerdotii
1270 3729 1396 3794 functus,
1430 3732 1469 3786 ob

412 3820 599 3889 sagacitatem
622 3825 652 3874 et
685 3819 859 3874 iudustiiam
883 3837 964 3876 suem
988 3819 1091 3875 Senior
1114 3820 1150 3874 ab
1182 3819 1248 3874 aliis
1280 3821 1467 3892 cognomina-

411 3909 504 3962 batur.
556 3907 676 3964 Collecti
700 3909 797 3979 itaquc
830 3897 983 3964 monachi
1005 3909 1174 3964 duodenarii
1209 3927 1352 3964 summam
1386 3927 1466 3964 com-

241 4007 346 4059 Founds
411 3999 501 4069 plcut.
548 3996 624 4066 Quos
647 4003 729 4070 pater
752 3997 910 4062 Oswaldus,
934 4004 967 4052 ut
995 3996 1080 4068 juxta
1107 3999 1199 4053 soracti
1232 3999 1370 4074 propositi
1398 4018 1466 4053 nor·

242 4075 388 4142 Westbury.
411 4106 489 4142 mam
512 4087 638 4142 Domino
670 4087 785 4142 Christo
818 4087 865 4142 die
892 4093 1036 4160 noctuque
1069 4089 1220 4154 servirent,
1249 4090 1280 4142 in
1315 4089 1386 4143 villa
1420 4091 1466 4144 sui

367 4219 371 4228 .
410 4177 596 4248 pontificatus
619 4195 684 4248 qum
708 4167 889 4252 Westbury
912 4176 1019 4231 dicitur
1050 4178 1219 4242 collocavit;
1243 4175 1400 4232 instituens
1423 4180 1466 4233 cis

410 4269 563 4337 praefatum
587 4267 764 4322 Germanum
786 4267 972 4337 praepositum
997 4271 1026 4320 ct
1049 4267 1256 4345 institutorem,
1280 4284 1392 4322 necnon
1416 4268 1465 4323 de-

411 4357 510 4425 legans
533 4375 568 4410 ex
592 4356 650 4410 suis
673 4374 737 4426 quae
761 4356 820 4410 illis
843 4356 1006 4411 sufficerent
1029 4356 1066 4410 ad
1089 4374 1188 4411 eorum
1212 4358 1464 4412 sustentationem.

410 4445 562 4514 Degebant
585 4463 653 4515 ergo
677 4446 728 4504 illo
758 4445 789 4498 in
814 4446 876 4500 loco
903 4463 1050 4500 servorum
1074 4445 1127 4500 Dei
1160 4447 1333 4516 peremnia
1367 4453 1398 4501 ct
1431 4449 1464 4502 iu

409 4534 542 4588 omnibus
565 4535 656 4590 vitam
680 4541 806 4604 agentes
853 4534 981 4604 Quorum
1013 4535 1117 4589 studiis
1134 4539 1256 4610 'sanctus
1279 4535 1326 4590 vir
1356 4535 1464 4592 eximie

409 4623 578 4688 delectatus,
602 4641 650 4678 eos
672 4624 837 4695 frequenter
859 4625 988 4689 visitare,
1012 4625 1053 4679 eis
1084 4624 1196 4680 monita
1218 4624 1321 4680 salutis
1344 4631 1464 4682 aterna

409 4712 583 4778 ministrare,
622 4731 670 4767 eos
702 4714 853 4780 consolari,
889 4714 966 4768 inter
1000 4731 1048 4768 eos
1082 4715 1255 4778 conversari,
1291 4721 1322 4768 et
1355 4715 1464 4770 (lirinis

409 4801 552 4875 operibus,
585 4793 621 4857 ln
651 4803 780 4876 psalmis,
805 4803 932 4875 hymnis,
953 4801 1083 4872 jejuniis,
1116 4803 1237 4872 vigiliis,
1272 4803 1462 4868 orat-ionibus,
