3582 5798
657 865 817 916 sucronn
841 867 1015 918 nrnuuao.
1310 853 1351 914 55

297 1058 314 1086 “
336 1053 524 1130 succurrite,
565 1057 600 1119 et
631 1075 673 1118 ne
706 1055 868 1140 sanguine
906 1075 979 1118 meo
1018 1053 1183 1140 templum
1215 1053 1352 1118 Domini
1365 1061 1484 1112 fromhis

297 1163 313 1187 “
336 1155 489 1233 violetur,
518 1155 597 1221 hinc
622 1179 675 1221 me
698 1155 895 1222 festinanter
910 1156 1046 1242 ejicite.'’
1086 1156 1233 1222 Eductus
1249 1157 1353 1242 igitur
1364 1127 1523 1259 ffiffid

297 1280 317 1321 a
332 1258 629 1334 circumstantibus,
652 1263 687 1324 et
718 1259 758 1323 de
790 1281 824 1324 re
848 1281 914 1324 non
948 1280 1066 1344 parum
1100 1259 1353 1337 admirantibus

298 1360 349 1423 uti
381 1366 526 1446 coeperat
557 1361 701 1426 ubertim
733 1363 894 1447 sanguine
929 1368 1052 1426 manat.
1098 1361 1226 1426 Deinde
1264 1362 1352 1426 lotus

297 1483 391 1547 aqua,
414 1463 549 1528 modum
572 1485 640 1528 suae
663 1463 843 1528 curationis
874 1485 912 1528 eo
929 1485 995 1548 quo
1018 1485 1095 1528 eum
1119 1463 1351 1549 descripsimus

297 1564 412 1630 ordine
434 1571 686 1651 percunctantes
709 1565 848 1630 edocuit.
897 1565 1001 1650 Cujus
1026 1565 1128 1630 verba
1158 1566 1264 1631 facilis
1294 1587 1352 1630 au·

299 1667 461 1732 dientium
489 1667 570 1734 fides
598 1690 636 1734 ea
665 1691 701 1732 re
724 1673 836 1734 secuta
859 1663 916 1743 est,
935 1669 1091 1752 quoniam
1108 1690 1204 1732 usum
1228 1668 1352 1754 linguae

299 1791 364 1855 quo
410 1793 485 1835 eum
517 1771 645 1856 pridem
683 1771 825 1836 caruisse
865 1771 1067 1848 constiterat,
1112 1775 1202 1836 certo
1232 1771 1352 1834 auditu

299 1871 457 1957 adeptum
480 1895 549 1938 csse
572 1873 836 1959 experiebantur.

346 1979 373 2039 8.
399 1973 478 2040 Post
510 1975 581 2042 haec
615 1976 733 2040 civitas
757 1975 982 2062 Wigorncnsis
1013 1997 1055 2040 ex
1078 1975 1203 2039 civium
1226 1975 1354 2040 incuria
1367 1969 1422 2021 The
1432 1969 1484 2035 city
1496 1969 1526 2018 οἳ

304 2077 375 2162 igni
398 2077 531 2143 addicta
554 2083 612 2142 est.
653 2077 726 2156 Quo
749 2077 916 2153 saeviente,
934 2076 1051 2140 fratres
1074 2077 1138 2140 sibi
1160 2081 1354 2154 metuentes,
1368 2038 1513 2154 332⁰&

302 2201 403 2246 necne
434 2181 558 2246 civium
597 2181 768 2267 dispendio
805 2180 1064 2266 ingemiscentes,
1098 2180 1140 2244 ad
1178 2179 1354 2265 gloriosum

301 2283 451 2369 patrem,1
485 2291 610 2349 certum
642 2283 798 2348 videlicet
834 2304 872 2348 ac
910 2288 1022 2347 tutum
1056 2283 1219 2369 refugium
1258 2304 1356 2346 suum

303 2385 502 2464 Oswaldum,
526 2387 730 2472 confugiunt,
755 2391 789 2450 et
820 2387 851 2450 ei
879 2390 918 2448 ut
940 2407 975 2450 se
997 2385 1178 2470 urbemque
1201 2385 1355 2450 dilectam

302 2489 345 2553 ab
376 2489 516 2554 instanti
548 2489 693 2575 periculo
725 2492 819 2552 eruat
854 2486 1016 2573 supplices
1040 2509 1149 2572 preces
1173 2487 1356 2552 effirndunt.

303 2591 431 2656 Deinde
454 2597 588 2677 sumpta
610 2591 714 2676 ipsius
736 2589 948 2654 sacratissimi
971 2589 1114 2674 corporis
1135 2589 1242 2667 archa,
1258 2589 1527 2655 eccle-rhemonks

303 2695 386 2758 siam
409 2697 539 2770 exeunt,
565 2714 603 2757 eo
626 2692 673 2756 ire
696 2691 844 2756 volentes
867 2712 933 2775 quo
955 2711 1059 2756 vorax
1082 2690 1215 2756 flamma
1241 2691 1357 2776 majori
1371 2666 1527 2785 ffilsdorsth

303 2795 463 2860 violentia
497 2793 649 2860 domibus
681 2791 900 2857 incumbebat.
949 2791 1071 2856 Verum
1104 2793 1181 2858 inde
1211 2814 1357 2879 gressum
1372 2800 1466 2851 shrine.

304 2899 434 2964 flectere
456 2898 559 2963 coacti
583 2902 670 2973 sunt,
693 2900 866 2981 propterea
889 2895 976 2980 quod
999 2895 1132 2960 archam
1155 2917 1254 2980 quam
1277 2896 1359 2962 fere·

304 3001 386 3066 bant
432 2999 511 3064 illuc
556 2998 694 3064 evehere
732 2997 922 3063 nullatenus
960 2997 1212 3083 praevaluerunt.
1276 2999 1358 3078 Quae
1371 3010 1398 3060 1t
1407 3011 1522 3062 hammer

305 3103 392 3167 enim
428 3102 519 3187 prius
551 3101 727 3176 levissima,
751 3121 839 3164 nunc
865 3100 1061 3185 gravissima
1084 3105 1118 3164 et
1140 3100 1360 3186 importabilis
1372 3078 1510 3208 ζοοξξξῖἵ

306 3225 378 3270 eam
410 3203 620 3290 portantibus
654 3202 764 3268 subito
802 3201 919 3266 effecta
956 3207 1013 3266 est.
1073 3201 1169 3281 Quod
1204 3203 1253 3266 illi
1288 3224 1360 3268 sen·
1373 3182 1496 3274 anothey’

305 3308 426 3372 tientes
459 3305 559 3371 aliam
590 3305 681 3368 viam
719 3302 891 3380 invadunt,
923 3308 958 3368 et
990 3303 1221 3369 domunculam
1259 3277 1482 3393 unamssffir

306 3408 446 3474 sublatis
469 3408 562 3472 ostiis
584 3407 742 3493 perviam,
770 3405 906 3490 jamque
934 3427 976 3470 ex
998 3411 1092 3491 parte
1115 3407 1186 3492 igni
1208 3407 1454 3493 absump-roure.

306 3519 513 3596 tomosque
545 3508 748 3595 pertingunt.
795 3507 872 3572 Stat
903 3528 1011 3572 coram
1034 3509 1185 3574 incendio
1209 3510 1362 3574 dominus

308 3614 424 3679 domus
461 3613 574 3698 ipsius,
607 3611 890 3694 consumptionem
928 3609 999 3694 ejus
1036 3610 1143 3674 tristis
1181 3612 1359 3697 opperiens.

309 3715 374 3780 Hic
417 3717 454 3778 in
486 3715 591 3800 patris
617 3713 773 3778 adventu
815 3712 953 3777 alacrior
990 3711 1106 3790 factus,
1139 3719 1291 3799 precatur
1327 3720 1431 3800 etsrhc
1445 3723 1530 3774 shrine

310 3819 457 3883 obsecrat
490 3815 585 3880 illum
618 3837 676 3901 per
709 3815 879 3880 ardentem
903 3815 1035 3879 domum
1075 3815 1191 3892 efferri,
1224 3823 1258 3881 et
1296 3791 1485 3922 quass'ssssfssgss¹
1497 3873 1513 3906 a

310 3927 428 3988 cuncta
450 3919 636 3996 vastabant,
659 3918 841 3982 furentium
873 3917 1078 3982 flammarum
1111 3918 1216 4003 globis
1239 3920 1360 3984 inferri.
1375 3921 1486 3990 turning

312 4023 408 4102 Quod
431 4027 464 4086 et
498 4021 705 4086 factumest.
752 4020 832 4084 Mox
867 4020 970 4105 igitur
996 4026 1035 4084 ut
1065 4020 1223 4085 feretrum
1249 4021 1363 4087 Sancti
1374 3990 1460 4040 house.

311 4124 452 4188 flammis
486 4123 628 4198 accessit,
664 4122 751 4207 ignis
783 4121 939 4206 elanguit,
972 4141 1031 4186 nec
1063 4122 1202 4186 ulterius
1236 4123 1363 4209 aliquid

312 4227 546 4310 absumpturus
578 4225 614 4287 in
652 4245 720 4288 sese
755 4222 881 4286 defecit
940 4221 1032 4288 Tunc
1062 4223 1194 4288 demum
1228 4226 1364 4311 pretiosi

312 4329 476 4416 pontificis
508 4325 605 4392 ossa²
627 4347 685 4411 per
716 4325 852 4390 eandem
885 4324 1019 4388 domum
1053 4331 1132 4390 sunt
1163 4327 1274 4405 relate,
1306 4350 1366 4415 per

313 4453 411 4518 quam
435 4431 567 4495 fuerant
589 4428 687 4514 paulo
711 4433 788 4493 ante
812 4427 979 4492 translata.
1027 4427 1119 4512 Ignis
1153 4431 1275 4516 quippe
1307 4435 1366 4517 qui

349 4705 356 4738 ¹
371 4705 480 4773 putrem]
500 4709 644 4769 patronum,
656 4703 690 4753 A.
702 4703 733 4753 B.
897 4701 907 4735 ²
924 4703 995 4770 ocra]
1016 4705 1070 4755 The
1087 4707 1156 4756 word
1172 4706 1199 4756 in
1217 4707 1260 4756 the
1277 4709 1365 4760 textis

863 4789 931 4834 artus
943 4799 972 4833 or
983 4798 1063 4834 arcus.
