3606 5798
457 871 523 936 294
664 895 668 909 ·
739 882 980 933 anonumum
1003 881 1177 932 aramme
1200 883 1241 932 ro

456 1079 545 1138 trum
569 1075 603 1138 et
626 1093 825 1158 supremum,
848 1071 990 1137 Jhesum
1025 1070 1200 1137 Christum
1234 1072 1386 1157 superius
1408 1071 1513 1136 nomi—

455 1179 581 1250 natum,
605 1179 643 1239 ut
675 1173 751 1259 Ipse
774 1174 815 1239 de
852 1174 976 1239 eisdem
1000 1174 1161 1240 Articulis
1192 1174 1229 1238 in
1268 1173 1335 1239 Suo
1368 1179 1515 1240 extremo

451 1277 579 1363 judicio
597 1275 727 1362 judicet
749 1282 784 1342 et
806 1277 970 1358 decernat,
994 1278 1031 1342 in
1060 1277 1113 1342 bis
1144 1277 1276 1364 scriptis
1298 1297 1513 1363 provocamus

456 1385 492 1444 et
515 1378 726 1464 appellamus.
775 1371 925 1458 Quorum
948 1379 1172 1444 Articulorum
1206 1379 1515 1465 prosequendorum,

455 1486 498 1558 et,
521 1487 561 1546 ut
594 1480 820 1566 praemittitur,
843 1480 1099 1566 probandorum,
1133 1479 1286 1566 sequitur
1321 1481 1447 1566 primus
1479 1480 1514 1544 in

456 1583 545 1653 hune
568 1583 711 1647 modum.

290 1816 311 1861 1.
329 1809 378 1862 we
504 1797 627 1876 PRIMO,
650 1798 818 1884 ponimus,
843 1796 991 1876 dicimus,
1015 1797 1206 1884 excipimus
1236 1801 1271 1862 et
1302 1796 1439 1883 probare
1463 1797 1512 1860 in·

287 1877 383 2008 {iffi}
395 1942 423 1992 of
458 1901 627 1966 tendimus
659 1922 729 1980 noe,
767 1899 958 1986 reipublicae
981 1905 1208 1986 procuratores
1254 1905 1290 1966 et
1321 1899 1513 1975 defensores

287 2009 437 2085 nabyanu
457 2023 567 2069 eoram
600 2002 712 2088 judice
744 2007 857 2066 nostro
895 2001 1040 2067 Domino
1079 2001 1185 2067 Jhesu
1223 1999 1365 2078 Christo,
1399 2005 1513 2068 contra

286 2074 436 2204 ffissssffffi
456 2104 622 2190 quendam
659 2103 841 2182 dominum,
876 2103 1001 2170 scilieet
1037 2101 1221 2168 Henricum
1259 2102 1382 2188 Derby,
1405 2103 1512 2166 filium
1556 2087 1562 2092 ’

286 2215 394 2259 auson.
457 2207 581 2270 domini
604 2205 769 2271 Jobannis
792 2206 833 2270 de
857 2205 979 2284 Gauut,
995 2227 1102 2291 nuper
1124 2205 1217 2270 ducis
1240 2204 1417 2270 Lancastre
1439 2205 1512 2269 vul-

454 2307 578 2394 gariter
616 2307 652 2372 in
689 2327 790 2394 regno
828 2312 941 2372 nostro
981 2307 1112 2393 Angliee
1138 2311 1375 2392 nuncupatum,
1406 2311 1441 2372 et
1478 2327 1512 2371 se

454 2431 564 2496 regem
596 2408 728 2496 Angliee
757 2408 829 2494 jam
865 2409 1029 2475 dicentem
1063 2411 1097 2472 et
1129 2407 1401 2493 praetcndentem,
1434 2407 1513 2472 licet

453 2509 584 2575 nullum
604 2511 661 2596 jus
684 2509 738 2574 vel
761 2509 899 2574 titulum
922 2515 1022 2599 prout
1044 2509 1166 2574 habeat
1188 2508 1231 2574 ad
1255 2509 1394 2574 eundem
1406 2531 1413 2587 ;
1436 2527 1511 2573 con-

454 2617 571 2698 traque
594 2618 729 2679 caeteros
752 2611 925 2697 complices
949 2633 1034 2689 auca,
1058 2610 1267 2676 adhaerentes
1291 2615 1325 2675 et
1348 2611 1513 2688 fautores;

455 2713 598 2780 ecelesiae
623 2713 696 2791 Dei,
714 2711 840 2779 seilicet
862 2718 896 2778 et
918 2712 1087 2791 Romame,
1110 2733 1149 2778 ac
1171 2705 1374 2798 An'glieanae,
1396 2709 1512 2776 Walli·

455 2835 553 2894 eauae,
592 2819 628 2882 et
665 2815 910 2891 Hibernieanae,
948 2814 1035 2900 regis
1074 2813 1198 2878 domini
1236 2815 1341 2904 nostri
1379 2813 1512 2880 Ricardi

340 2997 348 3008 ο
454 2939 560 3003 nuper
582 2917 723 3004 Angliae,
738 2937 872 2982 suorum
895 2916 1074 2991 haeredum,
1096 2916 1197 3001 regni,
1213 2915 1403 3001 reipublicae
1426 2917 1511 3001 ejus-

455 3019 530 3082 dem
553 3019 729 3095 invasores
754 3018 973 3082 destructores
997 3021 1032 3081 et
1055 3017 1238 3102 proditores
1261 3017 1370 3095 fuisse,
1386 3016 1454 3081 fore
1477 3023 1512 3081 et

454 3140 544 3199 esse;
566 3124 605 3183 ut
627 3123 741 3205 pateat
764 3119 800 3182 in
823 3118 1044 3204 sequentibus
1069 3117 1253 3182 manifeste.

230 3222 231 3226 ’
289 3241 312 3284 a.
331 3233 443 3298 Henry’s
501 3219 675 3298 snourno,
706 3221 869 3306 ponimus
893 3221 1043 3297 dicimus
1066 3225 1101 3286 et
1131 3219 1268 3306 probare
1298 3221 1511 3298 intendimus

286 3301 424 3418 ffiffi
454 3322 556 3388 iidem
579 3327 806 3408 procuratores
830 3327 864 3388 et
879 3321 1071 3408 reipublicae
1088 3321 1272 3387 defensores
1295 3327 1408 3388 contra
1431 3343 1515 3387 eune

455 3425 530 3490 dem
553 3423 725 3488 dominum
748 3423 940 3500 Hominum,
957 3423 1046 3508 quod
1068 3423 1156 3488 idem
1180 3424 1332 3488 dominus
1348 3422 1511 3490 Henricus

454 3547 529 3592 cum
568 3529 701 3612 propter
739 3525 878 3590 crimina
916 3524 1064 3590 enormia
1104 3529 1139 3589 et
1176 3523 1297 3590 delicta
1331 3525 1513 3610 proditoria

454 3625 597 3714 [eontra]
640 3625 813 3692 dominum
847 3648 958 3714 regem
997 3647 1094 3691 snum
1129 3625 1301 3690 domiuum
1333 3626 1511 3693 Ricardum

454 3729 589 3815 ejusque
613 3734 740 3794 statum
763 3732 1000 3816 praeconcepta,
1024 3728 1247 3814 praecogitata,
1271 3729 1454 3814 conjectata
1478 3737 1511 3796 et

454 3832 642 3917 conspirata
678 3833 731 3916 (ut
768 3832 833 3896 toti
868 3831 978 3918 patuit
1015 3851 1117 3916 regno
1156 3835 1190 3895 et
1227 3829 1347 3896 claruit
1379 3833 1510 3917 quando

456 3932 604 3998 duellum
626 3933 714 3998 inter
736 3933 862 3998 dietum
885 3931 1056 3998 dominum
1078 3930 1260 3997 Henrioum
1283 3936 1318 3996 et
1340 3932 1512 3998 dominum

286 4029 412 4081 rheduel
457 4033 618 4100 Thomem
657 4036 774 4100 ducem
812 4032 1053 4100 Northfolchiee
1100 4033 1190 4120 apud
1221 4031 1409 4098 conventre
1447 4029 1513 4100 firit

285 4098 403 4212 imi
457 4135 580 4201 initum
603 4139 638 4200 et
659 4141 862 4222 conceptum,
885 4135 942 4200 sed
971 4157 1039 4201 non
1071 4135 1215 4221 perfecte
1249 4142 1512 4202 consummatum

287 4229 436 4346 {lfflpglk
456 4235 553 4321 erat)
586 4238 675 4303 idem
710 4238 864 4304 dominus
903 4237 1078 4316 HenricuS,
1114 4259 1172 4324 per
1209 4237 1409 4302 sententiam
1432 4238 1513 4305 dieti

289 4361 392 4410 anonis
438 4334 583 4404 ’domini
605 4341 691 4426 regis
714 4340 856 4417 Ricardi,
880 4339 1006 4405 domini
1030 4337 1195 4405 Johannis
1229 4339 1321 4403 ducis
1344 4339 1512 4405 Leucastr’

288 4425 391 4543 mh·
457 4441 562 4526 patris
593 4441 654 4519 sui,
676 4441 959 4528 plurimorumque
991 4441 1201 4506 dominorum
1223 4439 1456 4527 temporalium
1479 4447 1513 4508 et

359 4531 365 4543 '
456 4543 551 4627 regni
573 4563 752 4627 procerum,
768 4543 977 4608 voluntatem
1000 4547 1034 4608 et
1056 4563 1250 4610 consensum
1273 4564 1378 4621 suum,
1394 4544 1512 4610 saltem

456 4643 656 4708 verbotenus
678 4645 720 4710 ab
744 4645 866 4710 eisdem
889 4645 1032 4710 dominis
1055 4649 1294 4733 expressatum,
1318 4644 1361 4710 ad
1384 4650 1511 4711 certum

456 4745 636 4810 terminum
673 4750 709 4812 et
739 4749 870 4833 tempus
908 4751 1004 4814 extra
1043 4767 1182 4834 regnum
1216 4746 1348 4834 Angliae
1382 4747 1511 4825 missus,
