3454 5816
609 851 692 902 vrrs
715 853 740 906 s.
765 851 929 902 oswstor.
1244 835 1310 908 497

82 1035 202 1092 Emer·
254 1069 272 1106 a
304 1051 453 1107 monachis
486 1050 650 1106 Elionsibus
682 1049 807 1106 directus
841 1049 1009 1114 adveniens,
1045 1049 1173 1106 innotuit
1215 1067 1307 1104 unum

84 1117 128 1164 pp'
141 1105 234 1150 tta-30.
253 1159 289 1196 ex
326 1139 386 1196 illis
424 1139 460 1196 de
497 1140 623 1196 moceria
660 1139 788 1196 ecelesia
826 1138 1042 1210 praecipitatum
1081 1138 1177 1194 subite
1214 1145 1307 1194 morte

254 1229 428 1286 occubuisse.
475 1229 523 1286 Ad
555 1228 631 1300 quod
654 1227 803 1286 Oswoldus
825 1229 990 1286 vehementi
1022 1246 1144 1288 maerore
1168 1227 1306 1298 dejectus,

255 1331 450 1396 cognoscens
474 1319 621 1376 hominem
637 1335 698 1374 non
712 1335 916 1390 usquequaque
937 1318 1029 1374 vitam
1045 1318 1160 1374 duxisse
1183 1319 1307 1384 felicem,

255 1422 314 1485 pro
346 1421 384 1464 eo
407 1400 510 1485 igitur
544 1399 667 1465 orando
698 1400 884 1484 missasque
916 1398 1110 1464 celebrando
1132 1409 1159 1462 ei
1183 1407 1308 1462 officium

256 1499 386 1553 caritatis
428 1497 582 1568 impendit,
616 1493 717 1574 atque
759 1489 802 1553 ab
845 1488 919 1554 aliis
962 1488 1109 1576 impendi
1143 1489 1307 1574 praecepit.

256 1589 327 1657 Quae
359 1589 428 1642 dum
444 1577 571 1652 fierent,
595 1605 653 1641 une
675 1587 804 1642 noctium
827 1585 963 1658 pontifice
986 1586 1017 1641 in
1041 1587 1170 1642 oratione
1194 1587 1309 1642 (lhristo

256 1678 333 1749 apud
348 1678 508 1732 Eboracum
525 1677 689 1732 intendenti
704 1677 857 1732 defunctus
879 1677 957 1732 idem
972 1675 1127 1732 visibiliter
1150 1678 1284 1748 apperuit
1302 1701 1308 1742 ;

258 1787 275 1822 a
307 1785 363 1840 quo
398 1771 601 1838 percunctatus
637 1767 702 1837 quis
737 1772 821 1832 esset,
845 1766 930 1820 illum
965 1784 995 1822 so
1018 1784 1069 1837 pro
1101 1783 1158 1838 quo
1181 1773 1211 1820 et
1249 1767 1309 1838 ipsc

258 1875 309 1928 per
331 1875 370 1922 so,
395 1861 425 1910 et
447 1855 497 1912 ulii
521 1875 572 1928 per
589 1855 683 1927 ipsum
700 1857 793 1911 Deum
818 1855 1043 1927 interpellabant
1065 1873 1126 1910 esse
1148 1856 1309 1926 rospondit.

257 1948 300 2000 nt
323 1947 373 2000 ille
395 1947 562 2018 suspirans:
589 1947 607 1970 ‘⁶
622 1945 783 2014 Qualiter,’'
808 1945 914 2016 inquit,
939 1947 957 1970 ⁴¹
972 1946 1071 2010 frater,
1095 1945 1148 1998 tibi
1184 1945 1241 1999 luit
1263 1947 1307 2000 vol

260 2039 277 2061 ‘⁴
304 2037 428 2106 qualiter
458 2053 537 2090 nunc
559 2036 632 2090 est.’'
680 2038 698 2060 “
714 2036 893 2100 Hactenus,”
917 2035 968 2104 uit,
992 2035 1207 2100 “valdemale‚
1231 2053 1309 2090 nuno

260 2127 278 2150 ‘⁸
304 2131 401 2180 autem
432 2125 517 2179 uelde
547 2125 630 2180 beno.
676 2125 746 2179 'luis
780 2127 886 2197 quippe
920 2125 1031 2179 meritis
1064 2131 1094 2180 et
1128 2125 1259 2196 precibus
1293 2143 1309 2179 a

260 2217 278 2240 ‘⁶
304 2215 398 2286 poenis
444 2210 547 2285 quibus
588 2215 749 2279 'cruciaban
796 2231 846 2285 per
889 2215 1025 2284 angelum
1061 2215 1151 2269 Suum
1186 2231 1232 2268 mo
1265 2214 1311 2268 die

261 2306 280 2329 “
305 2305 439 2359 hesterna
473 2305 581 2375 aripuit
613 2303 699 2360 Deus.
745 2303 828 2372 Quod
862 2308 892 2359 et
934 2305 989 2358 tibi
1022 2304 1197 2358 insinua-ndo
1230 2305 1310 2368 veni,

262 2395 280 2420 “
306 2395 414 2464 gratias
448 2410 543 2462 agere,
577 2388 611 2448 el
632 2389 673 2448 ub
714 2394 886 2459 adverteres,
920 2393 988 2447 licet
1022 2394 1053 2448 id
1086 2393 1194 2464 optime
1228 2395 1314 2458 scias·

262 2485 281 2508 “
306 2501 392 2554 quam
415 2484 558 2552 gratiosus
574 2501 625 2554 pro
648 2483 702 2537 hoo
726 2490 755 2538 ct
776 2483 842 2537 aliis
862 2482 928 2553 juro
951 2483 1053 2537 debeas
1076 2483 1137 2538 Deo
1160 2483 1311 2537 oxistcrc.’'

263 2573 318 2627 His
350 2573 436 2627 dictis
458 2589 517 2626 non
542 2573 711 2644 comparuit.
757 2571 813 2628 Vir
835 2577 933 2626 eutem
956 2573 1084 2639 Domini,
1108 2590 1215 2641 magno
1238 2589 1310 2644 guu-
1347 2595 1352 2605 ·

262 2663 310 2716 dio
341 2663 478 2734 repletus,
515 2661 662 2716 benedixit
699 2661 794 2716 Deum
826 2679 911 2734 super
943 2661 1085 2716 ineffabili
1117 2661 1314 2716 misericordia

263 2750 343 2820 Ejus.
390 2751 478 2805 Facto
501 2769 596 2816 mane,
613 2751 684 2822 quid
707 2751 815 2806 suctum
838 2753 886 2815 sit,
904 2751 974 2824 quid
996 2749 1113 2815 viderit,
1130 2751 1199 2821 qnid
1216 2751 1312 2805 sudis-

261 2843 311 2906 rit,
335 2841 394 2894 suis
416 2841 526 2905 retulit,
550 2837 650 2916 atque
673 2831 761 2896 idem
783 2839 1012 2896 Ramisiensibus
1044 2837 1078 2896 et
1101 2829 1314 2896 Heliensibus

262 2919 430 2988 monachis
454 2919 688 2988 denuntiavit..

488 3166 699 3236 Osrrruamr
724 3168 1077 3250 Qumruuoucmuu.

97 3346 135 3396 ld.
146 3359 188 3408 pp.
201 3349 250 3394 30-
308 3336 387 3400 Post
418 3335 489 3402 haec
511 3357 586 3402 oum
610 3345 766 3416 dyosossim
798 3363 881 3401 suam
912 3337 1092 3414 visitandO,
1115 3341 1468 3426 corrigend0,'fl1erelies

102 3417 121 3460 ¹·
265 3426 480 3512 corripiend0‚
515 3426 734 3512 praedicande,
767 3425 974 3492 informando
1007 3436 1205 3514 peragraret,
1249 3459 1315 3495 eon.
1328 3425 1459 3487 atstpon.
1528 3486 1532 3495 .

265 3525 335 3595 tigit
368 3525 482 3582 venisse
506 3523 613 3597 Rypun
638 3525 688 3580 ubi
722 3525 823 3579 boatus
856 3526 1000 3596 quondam
1033 3527 1185 3584 Wilfridus
1218 3530 1316 3586 nobile

266 3619 466 3669 construxerat
499 3615 652 3685 templum,
677 3615 708 3667 in
743 3632 800 3684 quo
824 3613 885 3685 ipse
916 3615 1026 3670 mundo
1065 3617 1194 3672 sublatus
1226 3619 1318 3674 scitur

266 3703 353 3758 fuisso
386 3703 524 3773 sepultus.
573 3703 637 3757 Hoc
659 3703 802 3774 templum
837 3707 904 3758 unte
936 3709 1051 3776 tempus
1084 3707 1167 3761 Beati
1191 3707 1318 3764 Oswsldi

265 3793 452 3848 barbarorum
486 3791 641 3864 irruptioni
683 3792 798 3863 patuit;
838 3793 888 3862 qui
928 3794 1001 3848 illud
1035 3811 1142 3865 magne
1175 3814 1211 3852 ex
1237 3803 1320 3869 purte

268 3873 450 3958 diruptum,
483 3899 541 3936 nou
585 3881 755 3938 ministeriis
793 3881 910 3938 Divinis
955 3883 1005 3938 sed
1044 3884 1173 3940 latibulis
1218 3887 1320 3942 ferinis

267 3973 399 4027 fecerunt
443 3971 638 4026 accomodum.
687 3969 785 4042 Hujus
825 3971 927 4042 templi
973 3979 1141 4045 conseptum
1185 3975 1232 4031 vir
1264 3977 1319 4032 Dei

267 4061 444 4129 subintrans,
484 4065 573 4116 noctu
616 4060 741 4132 pervigil
785 4061 817 4116 in
865 4062 1043 4118 orationibus
1085 4063 1158 4120 inibi
1202 4067 1319 4122 mansit,

268 4151 335 4206 illio
366 4167 436 4220 orgo
466 4149 574 4206 Divina
616 4149 791 4208 revelatione
825 4151 972 4217 lustratus,
1007 4152 1111 4214 didicit
1150 4155 1212 4227 ipso
1257 4157 1320 4212 loeo

271 4240 443 4296 Sanctorum
477 4257 597 4312 corpore
620 4239 737 4296 condita
770 4258 841 4306 esse,
865 4257 932 4312 qua
967 4241 1147 4314 investigans
1178 4263 1245 4300 eum
1267 4265 1319 4301 no·

269 4330 397 4386 minibus
442 4329 624 4399 singulorum
659 4329 747 4384 dubio
780 4331 882 4402 procul
914 4331 1066 4388 inveniret.
1112 4333 1201 4390 Facto
1235 4353 1320 4392 mone

269 4437 336 4476 suos
370 4423 519 4485 convocat,
542 4419 612 4492 quid
634 4425 719 4476 nocto
741 4420 885 4492 occeperit
906 4420 948 4478 eis
970 4430 1094 4480 enarrat.
1140 4423 1189 4480 Ad
1222 4425 1321 4482 audita

270 4508 368 4566 cuncti
391 4509 533 4566 exultant.
589 4511 685 4580 Igitur
708 4509 745 4566 ad
778 4507 891 4582 jussum
934 4512 1080 4584 pontificis
1121 4515 1321 4586 pavimentum
1359 4513 1361 4522 ’

269 4599 415 4656 semirutae
456 4597 584 4656 ecelesias
638 4599 784 4665 effoditur,
825 4600 982 4672 promissus
1027 4603 1179 4660 thesaurus
1223 4611 1323 4662 saneto

272 4687 439 4745 curiositate
463 4689 676 4760 investigatum
702 4689 875 4748 Sanctorum
898 4707 1018 4764 corporo
1039 4709 1106 4750 eum
1138 4695 1238 4752 tabula
1260 4697 1323 4752 hae

272 4779 441 4834 continente
472 4779 665 4850 reperiuntur.
712 4780 731 4806 ‘⁶
745 4779 803 4836 Hie
827 4779 982 4852 requiescit
1014 4781 1137 4840 Sanetus
1171 4785 1325 4842 Wilfridus

360 4885 453 4934 0575.
1146 4905 1159 4952 f
1177 4905 1190 4952 1
