3538 5800
413 879 456 943 30
737 890 821 942 vrrs
842 889 966 941 sanun
989 889 1143 942 osvnnnr

242 1075 350 1125 &⁸2¹1ss
413 1085 429 1113 “
451 1083 547 1144 terna
581 1078 705 1164 eripuit
726 1079 825 1144 Deus
871 1077 968 1158 Quod
1000 1081 1035 1143 et
1067 1077 1131 1142 tibi
1164 1075 1364 1143 insinuando
1386 1076 1464 1142 veni

241 1157 400 1272 ffifflveq
412 1187 429 1214 “
451 1180 575 1265 gratiss
597 1201 702 1265 agere,
726 1201 791 1265 quo
814 1179 1012 1257 adverteres,
1034 1178 1113 1244 licet
1145 1179 1182 1244 id
1215 1179 1341 1266 optime
1372 1178 1463 1255 scias,

243 1273 305 1323 him.
411 1289 429 1316 “
451 1302 551 1366 quam
572 1282 737 1368 gratiosus
760 1303 819 1368 pro
841 1281 904 1346 hoc
925 1281 1001 1346 eliis
1030 1281 1108 1366 jure
1131 1281 1251 1348 debeas
1274 1281 1345 1346 Deo
1378 1281 1464 1346 exis-

410 1391 428 1417 “
451 1383 546 1450 tere.’'
592 1384 656 1449 His
672 1383 778 1460 dietis
793 1403 862 1449 non
876 1383 1068 1470 comparuit
1114 1382 1176 1448 Vir
1190 1389 1302 1450 autem
1318 1382 1463 1460 Domini,

409 1507 529 1572 magno
551 1486 673 1571 gaudio
695 1485 739 1550 ad
763 1487 829 1551 ista
850 1485 1004 1571 repletus,
1026 1484 1201 1550 benedixit
1222 1484 1333 1552 Deum
1366 1505 1463 1570 super

409 1587 570 1653 ineffabili
593 1587 817 1654 misericordia
843 1586 932 1672 Ejus
978 1586 1081 1653 Facto
1105 1608 1211 1664 mane,
1234 1588 1315 1672 quid
1337 1585 1463 1652 factum

387 1691 462 1767 sit,
486 1690 568 1775 quid
598 1690 731 1767 viderit,
764 1690 845 1775 qnid
878 1689 1032 1766 audierit,
1063 1690 1132 1755 suis
1162 1689 1287 1755 retulit
1334 1687 1464 1754 Dehinc

410 1793 566 1860 exultans
597 1798 632 1858 et
662 1793 810 1878 gaudens
841 1792 878 1856 in
912 1791 1042 1878 Spiritu
1074 1791 1205 1870 Sancto,
1240 1813 1299 1878 pro
1321 1813 1358 1856 re
1388 1811 1463 1876 quae

410 1895 594 1980 contigerat
616 1895 740 1980 gratias
762 1893 833 1980 egit
855 1892 926 1959 Deo
949 1892 1043 1958 Patri
1065 1916 1124 1980 per
1157 1894 1360 1960 oblationem
1393 1913 1463 1958 cor-

410 1997 499 2083 poris
521 2001 556 2062 et
578 1995 748 2081 sanguinis
780 1994 987 2060 dilectissimi
1018 1994 1097 2058 Filii
1121 1994 1192 2072 Sui,
1214 1995 1252 2060 in
1286 2015 1351 2080 quo
1383 1993 1461 2072 solo,
1476 2007 1502 2059 s.
1512 2008 1587 2060 Matr.
1596 2009 1637 2058 iii.

409 2099 496 2163 sicut
532 2097 609 2182 Ipse
645 2101 796 2174 testatur,
831 2097 914 2162 bene
952 2095 1134 2181 complacet
1157 2096 1236 2162 Sibi.
1285 2096 1462 2162 Mandavit
1475 2077 1515 2126 ¹⁷·
1759 2075 1765 2136 l

409 2200 511 2264 etiam
533 2197 596 2264 hoc
618 2198 726 2284 ipsum
749 2197 828 2262 filiis
850 2197 927 2275 suis,
950 2197 1120 2262 monachis
1142 2196 1323 2264 videlicet¹
1344 2197 1463 2263 Rame-

408 2301 569 2366 siensibus
586 2300 685 2366 simul
707 2305 742 2365 et
764 2299 1045 2386 Wigornensibus,
1068 2306 1104 2365 et
1126 2299 1237 2386 quod²
1259 2320 1319 2385 pro
1342 2301 1463 2366 anime

408 2403 520 2468 fratris
542 2402 748 2468 absolutione
770 2402 825 2487 pio
841 2401 913 2466 Deo
934 2407 1045 2487 grates
1068 2402 1279 2468 exsolverent
1308 2400 1464 2467 monuit³

408 2511 443 2571 et
477 2505 629 2571 hortatus
667 2509 739 2569 est:
777 2503 867 2589 quod
900 2503 965 2589 ipsi
999 2503 1153 2589 diligenti
1187 2503 1299 2568 studio
1330 2503 1463 2570 executi

412 2613 500 2674 sunt.

456 2722 507 2784 25.
531 2718 697 2784 Praeterea
719 2717 887 2782 dioecesim
911 2737 1006 2782 suam
1029 2717 1226 2802 opportunis
1257 2715 1464 2803 temporibus

411 2841 598 2907 peragram,
622 2818 781 2904 quioquid
795 2818 937 2884 ediscere
959 2823 1091 2904 poterat
1112 2819 1149 2883 in
1164 2819 1312 2884 moribus
1327 2839 1462 2884 suorum

411 2922 522 2988 oculos
545 2921 665 2988 summi
688 2919 752 2984 Dei
775 2919 947 2996 offendere,
969 2925 1110 3006 paterna
1131 2920 1348 3007 castigatione
1363 2920 1463 2986 corri-

409 3028 609 3109 pereatque
632 3022 791 3106 corrigere
814 3021 994 3108 satagebat.
1041 3021 1124 3087 Haec
1145 3027 1299 3107 agentem
1322 3022 1463 3108 contigit

241 3101 290 3163 ”9¹
307 3169 333 3215 n,
409 3127 483 3190 vice
515 3124 659 3210 quadarn
690 3123 820 3189 venisse
851 3121 1024 3210 Rhipum,⁴
1056 3122 1115 3188 ubi
1138 3124 1261 3190 Beatus
1296 3123 1463 3209 quondam

411 3226 585 3292 Wilfridus
610 3225 722 3291 nobile
754 3229 985 3292 construxerat
1016 3224 1188 3311 templum,
1221 3227 1259 3290 in
1291 3247 1357 3311 quo
1391 3226 1462 3312 ipse

410 3329 534 3394 mundo
557 3328 707 3393 sublatus
730 3328 833 3394 scitur
855 3327 956 3393 fuisse
988 3327 1146 3414 sepultus.
1192 3327 1266 3394 Hoc
1297 3327 1460 3413 templum

411 3437 489 3496 ante
537 3436 670 3517 tempus
707 3429 804 3496 Beati
843 3429 991 3496 Osvvaldi
1028 3431 1243 3496 barbarorum
1279 3431 1467 3516 irruptioni

408 3533 538 3619 patuit3
561 3533 619 3618 qui
641 3530 726 3596 illud
748 3553 868 3618 magna
890 3554 933 3598 ex
955 3537 1050 3618 perte
1074 3533 1231 3610 dirutum,
1254 3553 1323 3597 non
1346 3533 1461 3598 minis-

410 3637 502 3701 teriis
518 3635 650 3700 Divinis
674 3636 731 3699 sed
745 3634 894 3700 latibulis
909 3634 1024 3700 ferinis
1039 3634 1192 3701 fecerunt
1205 3637 1460 3702 accommodum.

410 3739 522 3824 Hujus
555 3736 673 3824 templi
704 3743 897 3822 conseptum
935 3737 989 3800 vir
1021 3735 1086 3802 Dei
1129 3737 1328 3817 subintrans,
1362 3743 1462 3804 noctu

410 3839 552 3927 pervigil
574 3839 611 3904 in
633 3839 837 3905 orationibus
859 3837 944 3902 inibi
968 3838 1099 3904 mansit.
1146 3837 1222 3904 Illic
1243 3860 1321 3925 ergo
1336 3837 1463 3904 Divina

409 3941 610 4008 revelatione
632 3941 802 4020 lustratus,
825 3939 944 4005 didicit
965 3939 1037 4026 ipso
1070 3939 1142 4006 loco
1166 3939 1363 4007 Sanctorum
1393 3961 1462 4028 cor-

409 4066 490 4131 pora
521 4045 655 4110 condita
688 4065 766 4120 esse,
808 4064 882 4128 quae
916 4041 1122 4127 investigans
1160 4063 1236 4108 cum
1269 4042 1461 4108 nominibus

408 4147 612 4234 singulorum
645 4145 747 4211 dubio
778 4143 892 4230 procul
913 4143 1103 4225 inveniret;
1136 4144 1224 4210 facto
1257 4166 1355 4210 mane
1387 4165 1462 4210 euos

409 4255 586 4330 convocat3
608 4249 689 4335 quid
711 4252 813 4314 noctu
828 4247 997 4334 acceperit,
1013 4247 1060 4312 eis
1083 4253 1223 4314 enarrat
1268 4247 1323 4314 Ad
1347 4248 1463 4314 audita

411 4353 524 4419 cuncti
547 4352 708 4418 exultant,
753 4351 863 4437 Igitur
885 4351 929 4416 ad
947 4351 1078 4437 jussum
1100 4350 1266 4438 pontificis
1296 4353 1463 4417 semirutre

414 4453 557 4521 ecolesiae
591 4455 821 4540 pavimentum
855 4451 1012 4520 effoditur
1024 4477 1032 4534 ;
1068 4453 1249 4540 promissus
1288 4452 1463 4520 thesaurus

446 4729 455 4763 ¹
472 4727 599 4794 uidelicet]
620 4725 726 4790 scilicet,
738 4729 772 4778 A.
993 4727 1004 4761 ³
1022 4726 1130 4793 monuit]
1150 4743 1203 4789 eos,
1215 4727 1261 4777 iar.
1272 4727 1304 4778 B.

443 4807 548 4874 ¹quod]
569 4823 628 4872 quo,
639 4807 673 4858 Α.
994 4806 1005 4840 ⁴
1022 4804 1143 4871 Rdipum]
1166 4805 1286 4870 Hripum‚
1297 4805 1332 4856 A.
