3454 5816
677 909 721 960 BY
744 909 885 960 THOMAS
907 909 1041 961 STUBBS.

462 1285 517 1350 De
540 1285 670 1350 Tironi
693 1302 740 1350 mr
763 1284 952 1351 (lomensel
975 1301 1256 1350 sacnrnrrscoeo.

372 1474 650 1562 Quadragesimus
682 1480 794 1540 autern
819 1474 1033 1539 Eboracensis
1068 1475 1215 1541 ecclesiae
1238 1476 1375 1540 sortitus
1389 1485 1544 1538 Thoumna

326 1585 376 1640 eat
407 1577 553 1663 regimen
576 1576 718 1642 Thomas
742 1577 782 1640 de
806 1575 1020 1662 eoru-ygge,2
1053 1577 1198 1660 ejusdem
1233 1577 1374 1642 ecclesiae
1388 1552 1543 1673 ffffqlffl·

326 1680 510 1756 canonicus,
534 1683 567 1744 et
600 1683 710 1744 custos
742 1678 874 1764 capellae
898 1677 1012 1744 Sancti
1045 1679 1193 1764 Sepulcri
1228 1680 1376 1757 Eboraci,

325 1803 424 1847 sacrae
457 1781 631 1868 theologiae
655 1781 769 1846 doctor
791 1781 950 1866 egregius,
973 1785 1008 1845 et
1041 1803 1108 1846 non
1141 1781 1247 1846 solum
1283 1782 1375 1848 theo-

324 1883 429 1970 logiae,
446 1885 555 1962 immo,
571 1884 660 1970 quod
682 1905 756 1948 raro
779 1883 838 1946 uni
862 1883 1052 1947 mortalium
1075 1884 1203 1960 accidit,
1228 1885 1374 1949 omnium

325 1987 446 2050 artium
500 1986 684 2051 liberalium
737 1984 899 2070 professor
936 1985 1053 2050 extitit
1100 1986 1374 2071 incomparabilis.

327 2089 392 2168 Qui
423 2090 514 2174 prius
538 2087 643 2154 officio
666 2087 868 2154 cancellaria
891 2088 926 2151 in
950 2087 1085 2153 ccclesia
1108 2087 1246 2154 Eboraci
1277 2089 1375 2176 longo

324 2197 471 2277 ternpore
490 2192 624 2256 functus
647 2196 705 2256 est.
752 2189 975 2266 Postmodum,
991 2191 1158 2276 resignata
1174 2190 1375 2266 cancellaria,

324 2300 432 2359 custos
455 2299 490 2360 et
512 2294 649 2358 sacrista
680 2291 827 2378 praefatae
850 2292 992 2378 capellae,
1015 2315 1058 2356 ax
1082 2292 1256 2357 collatione
1279 2315 1375 2358 vene·

324 2396 438 2461 rabilis
485 2397 522 2460 in
561 2393 715 2462 Christo³
753 2395 858 2481 patris
900 2393 1064 2460 Johannis
1102 2395 1185 2460 dicti
1234 2395 1375 2460 Romani

320 2499 534 2565 Eboracensis
566 2497 814 2584 archiepiscopi,
837 2496 947 2562 fuerat
970 2498 1114 2562 effectus.
1163 2497 1229 2562 Hic
1261 2499 1374 2583 itaque

324 2599 477 2678 Thomas,
500 2600 532 2664 ii.
566 2600 642 2664 idus
680 2597 888 2676 Novembris,
911 2620 998 2664 anno
1032 2599 1230 2686 supradicto,
1252 2599 1375 2664 electus

323 2705 360 2767 in
407 2709 584 2790 pastorem,
629 2702 754 2768 curiam
793 2701 892 2789 petiit
930 2701 1121 2780 Romanam,
1161 2702 1228 2779 ubi,
1274 2703 1373 2767 tertio

324 2805 483 2870 kalendas
518 2803 632 2868 Martii
656 2803 769 2869 eodem
802 2825 899 2882 amic,
934 2809 1140 2870 consecratus
1163 2808 1214 2869 est
1235 2826 1256 2869 a
1289 2826 1375 2891 papa

324 2905 495 2972 Bonifacio
518 2905 612 2970 VIII.

369 3009 442 3090 Quo
475 3008 609 3094 quidem
644 3013 841 3084 consecrato,
876 3008 1031 3072 dominus
1069 3010 1156 3094 p'apa
1187 3009 1372 3074 custodiam
1386 3015 1515 3066 Thediffi·

323 3112 420 3177 dictae
445 3111 579 3197 capellae
603 3111 663 3174 uni
688 3132 729 3174 ex
764 3109 889 3174 clericis
921 3109 1063 3196 propriis
1086 3111 1372 3198 consanguinitate
1385 3083 1560 3200 {ffltss'ssffil

323 3213 386 3278 sibi
425 3213 619 3299 propinquo,
655 3234 694 3278 eo
729 3212 818 3297 quod
856 3212 892 3278 in
926 3211 1017 3276 curia
1048 3212 1197 3289 vacabat,
1232 3213 1370 3278 indilate
1384 3216 1464 3279 tryof
1476 3217 1529 3312 St,

324 3320 489 3386 concessit.
536 3319 608 3385 Nec
639 3318 746 3383 multo
777 3324 853 3404 post
884 3341 942 3404 per
974 3327 1113 3385 mortem
1148 3321 1229 3385 dicti
1263 3319 1371 3386 clerici
1384 3280 1543 3412 {ffffgiffm

322 3420 435 3487 dich
473 3421 598 3508 capella
636 3421 793 3486 vacavit.⁵
849 3421 1013 3501 Quicum
1036 3422 1145 3488 adhuc
1178 3423 1297 3488 vivens
1335 3424 1371 3486 in
1385 3413 1522 3533 Ψῇξὲῒξθ

323 3524 481 3589 extremis
516 3521 612 3609 jam⁶
650 3523 852 3588 constitutus
893 3524 1020 3607 jaceret
1069 3524 1163 3588 velut
1201 3525 1371 3602 exanimis,
1384 3499 1535 3602 dracoafflp

322 3632 489 3713 resumpto
505 3632 617 3692 tamen
639 3626 760 3712 spiritu
783 3626 916 3691 vocavit
938 3627 981 3692 ad
997 3649 1031 3691 se
1047 3627 1216 3692 dominum
1241 3649 1371 3714 papam,

321 3727 432 3794 dicens
456 3751 489 3793 se
521 3750 581 3814 pro
611 3727 737 3813 capella
760 3727 981 3804 Eboracensi‚⁷
1004 3751 1043 3794 eo
1079 3730 1167 3814 quod
1190 3735 1371 3815 proventus

322 3831 417 3918 ejus⁸
433 3831 599 3895 inutiliter
614 3831 827 3915 expenderat,
842 3830 1002 3896 immensa
1018 3831 1175 3896 meruisse
1191 3831 1372 3917 supplicia;

321 3934 408 3998 unde
440 3933 608 3998 dominum
632 3952 753 4018 papam
786 3932 979 4018 suppliciter
1002 3933 1143 4019 rogavit,
1178 3955 1237 4019 pro
1260 3933 1366 3998 salute

320 4035 439 4100 animae
463 4057 541 4111 suae,
564 4034 721 4119 quatinus
755 4034 938 4100 custodiam
972 4034 1069 4099 dictae
1103 4035 1236 4121 capellae
1270 4035 1370 4100 alicui

321 4137 471 4214 discrete,
510 4135 711 4222 corporalem
735 4127 772 4200 iu
804 4157 843 4201 ea
875 4136 1088 4201 residentiam
1122 4137 1259 4214 facturo,
1293 4159 1369 4203 con·

317 4237 431 4305 cedere
448 4237 649 4324 dignaretur.
695 4235 768 4305 Nec
783 4260 882 4304 mora
922 4237 1017 4304 Idem
1034 4239 1189 4304 dominus
1204 4260 1290 4326 papa
1314 4263 1371 4326 per

477 4415 578 4422 ——0—
982 4416 1126 4422 ------—-

354 4513 362 4546 ¹
385 4511 515 4577 Cortryq]
536 4512 701 4574 Eboracenai‚
713 4514 744 4562 B.
755 4513 787 4564 G.
848 4539 850 4593 l
904 4513 914 4545 ⁵
933 4514 1049 4578 cacavit]
1070 4516 1186 4577 vacabat,
1198 4517 1229 4566 B.
1242 4517 1275 4566 D.
1289 4517 1321 4569 G.

354 4589 546 4658 2θονὸνςιρρε]
566 4591 776 4658 Corbryg,B.C.
789 4593 819 4642 E.
848 4616 851 4681 Ι
904 4591 917 4636 ⁶.
925 4591 994 4657 jam]
1016 4593 1209 4656 tenuemus.
1334 4583 1336 4586 ⁵

319 4671 349 4722 F.
363 4672 395 4723 G.
725 4681 729 4688 '
904 4671 914 4708 ⁷
932 4671 1106 4738 Eborucenai]
1126 4675 1244 4739 Eboraci,
1257 4674 1289 4728 G.

352 4751 363 4783 ³
382 4752 410 4800 ia
424 4749 541 4816 Christo]
562 4766 613 4801 om.
625 4752 659 4802 A.
903 4751 914 4783 ⁸
932 4753 998 4818 ejus]
1019 4753 1140 4817 ejusdcm,
1153 4757 1184 4808 G.

352 4830 362 4862 ⁴
380 4829 464 4897 dicta]
485 4830 597 4894 praefata,
609 4832 640 4880 B.
653 4831 685 4880 D.
700 4831 731 4882 G.
