3606 5798
446 898 511 962 308
592 937 595 944 -
714 905 955 961 Macriniana
977 905 1151 956 ausurus
1174 906 1217 956 ro

445 1105 461 1130 “
486 1097 647 1161 sustinere
670 1096 766 1180 cupio
789 1115 848 1181 pro
868 1113 978 1160 amore
993 1092 1129 1158 Domini
1151 1093 1217 1158 mei
1239 1090 1345 1156 Jhesu
1360 1089 1495 1164 Christi,

449 1207 464 1232 “
490 1199 556 1279 Qui
594 1220 653 1284 pro
691 1198 794 1274 nobis,
827 1197 981 1262 obediens
1014 1196 1105 1262 Patri
1138 1217 1241 1281 usque
1275 1195 1318 1260 ad
1349 1199 1498 1269 mortem,
1513 1216 1559 1278 Ep.
1573 1215 1614 1262 aa.
1772 1231 1773 1268 2

451 1309 467 1335 “
490 1302 635 1386 quinque
674 1301 812 1366 vulnera
848 1299 1043 1386 principalia
1076 1297 1262 1364 sustinuit.''
1317 1298 1363 1362 Et
1393 1281 1579 1361 oribrsl'ffil·
1594 1281 1623 1328 ἢ·
1638 1286 1664 1329 ⁸·

452 1403 580 1468 vicibus
603 1401 769 1468 osculatus
795 1407 844 1466 est
877 1423 971 1480 eum;
1001 1406 1036 1466 et
1067 1403 1182 1488 positis
1214 1400 1354 1488 genibus
1386 1399 1501 1465 orabat

454 1506 582 1572 dicens:
607 1513 623 1540 ‘¹
637 1505 678 1569 In
701 1523 818 1569 manus
844 1510 930 1582 tuas,
953 1503 1142 1570 dulcissime
1173 1503 1287 1580 Jhesu,
1311 1501 1501 1568 commendo

454 1615 473 1641 “
495 1607 649 1692 spiritum
672 1605 809 1682 meum,''
829 1605 955 1690 junctis
989 1604 1150 1684 manibus,
1173 1611 1208 1669 et
1230 1605 1367 1670 clevatis
1400 1601 1502 1669 oculis

287 1721 335 1770 His
346 1717 442 1768 heodis
453 1708 489 1773 in
512 1709 650 1788 caelum3
673 1713 707 1772 et
741 1728 819 1772 mox
853 1707 1005 1771 extendit
1039 1707 1167 1784 collum,
1189 1706 1447 1794 genuflectendo,
1470 1709 1504 1768 et

287 1788 374 1901 ffisslg
387 1785 426 1834 ⁰ff
453 1811 640 1876 cancellatis
664 1809 816 1873 manibus
839 1829 938 1894 super
960 1814 1075 1893 pectus
1099 1830 1205 1888 suum,
1228 1809 1406 1875 decollator
1428 1827 1502 1872 cum

287 1921 370 1968 blows-
454 1913 564 1999 gladio
587 1934 661 1976 curn
686 1910 860 1997 quinquies
883 1909 919 1973 in
942 1910 1024 1975 collo
1047 1911 1208 1996 percussit
1237 1931 1305 1976 una
1327 1914 1361 1975 et
1391 1908 1504 1974 eadem

455 2016 561 2080 carnis
584 2013 755 2078 divisione.
802 2012 847 2075 Et
869 2011 906 2075 in
940 2012 1058 2096 quinta
1090 2013 1297 2098 percussione
1329 2017 1429 2098 caput
1462 2008 1504 2074 ad

455 2121 578 2181 terram
601 2114 699 2191 cedit,
722 2133 839 2200 corpus
861 2133 960 2197 super
982 2112 1155 2178 dexterum
1178 2114 1273 2179 latus.

288 2155 432 2298 lllllddllu
502 2217 606 2280 Erant
628 2217 717 2280 enim
740 2215 787 2278 ibi
810 2213 957 2298 quinque
980 2214 1118 2280 seliones
1141 2235 1214 2281 cum
1238 2215 1338 2280 ordeo
1360 2214 1417 2278 ubi
1440 2212 1507 2276 fuit

288 2291 445 2412 ffisslffid,
457 2317 669 2402 archipraesul
703 2316 895 2391 decollatus,
930 2316 987 2400 qui
1022 2323 1116 2380 erant
1146 2315 1284 2402 pedibus
1316 2314 1507 2381 conculcan-

289 2407 438 2499 quicioore
458 2421 542 2483 tium
581 2420 616 2482 in
647 2419 700 2482 die
733 2417 957 2482 decollationis
988 2439 1057 2483 suae
1087 2420 1220 2504 penitus
1252 2419 1421 2494 destructi,
1451 2415 1506 2481 sed

287 2488 432 2616 ῗηῖᾞμ
458 2527 570 2586 tamen
593 2521 628 2584 in
652 2525 821 2595 autumno,
844 2519 967 2604 absque
990 2519 1101 2604 aliquo
1124 2541 1229 2607 opere,
1252 2519 1342 2586 Deus
1375 2541 1417 2585 cx
1440 2519 1509 2584 Sua

456 2625 565 2710 gratia
580 2623 646 2688 tale
669 2624 909 2688 incrementum
932 2621 1025 2686 dedit
1051 2644 1151 2708 supra
1172 2643 1378 2688 communem
1401 2643 1507 2696 usum,

457 2732 496 2791 ut
526 2726 630 2810 aliqui
654 2725 771 2790 calami
794 2725 949 2808 quinque,
971 2723 1075 2808 aliqui
1102 2732 1245 2809 quatuor
1274 2725 1381 2810 spicas
1419 2723 1508 2789 ordei

456 2830 695 2916 produxerunt,
719 2833 753 2892 et
778 2829 835 2912 qui
859 2826 1035 2912 pauciores,
1051 2827 1161 2893 minus
1184 2834 1297 2894 tamen
1312 2849 1411 2914 quam
1427 2827 1508 2892 duas

289 2981 343 3029 rho
356 2979 417 3042 king
457 2931 562 3015 spicas
585 2951 653 2993 non
675 2928 912 3013 produxerunt.

290 3061 341 3096 was
353 3045 438 3094 struck
503 3033 551 3096 Eo
574 3036 721 3116 tempore
752 3051 817 3114 quo
839 3029 906 3093 fuit
935 3029 1124 3108 decollatus,
1147 3031 1235 3096 idem
1269 3052 1328 3096 rex
1359 3029 1508 3096 horribili

291 3113 351 3161 with
458 3133 549 3218 lepra
575 3153 745 3218 percussus
776 3137 827 3196 est
857 3133 1036 3217 equitando
1067 3155 1181 3198 versus
1211 3133 1339 3218 Ripou3
1361 3139 1396 3199 et
1418 3133 1509 3198 vide-

204 3217 205 3220 ,
289 3181 390 3241 leprosy
402 3192 434 3224 on

289 3244 435 3307 outhcday
460 3235 558 3299 batur
581 3234 667 3319 quod
692 3233 826 3318 quidam
850 3235 1010 3318 percussit
1030 3236 1138 3320 ipsum
1154 3235 1370 3316 sensibiliter3
1392 3241 1426 3302 et
1448 3235 1510 3300 hac

289 3310 419 3424 piqqsecu-
460 3338 501 3402 de
523 3357 622 3401 causa
643 3337 858 3420 pernoctabat
879 3337 916 3399 in
939 3335 1027 3402 villa¹
1042 3337 1083 3402 de
1106 3337 1290 3403 Hamerton
1313 3358 1371 3423 per
1386 3343 1510 3422 septem

461 3439 603 3503 miliaria
625 3437 667 3501 ab
691 3437 836 3502 Eboraco
859 3438 1022 3518 distante;
1044 3444 1079 3504 at
1101 3444 1195 3505 nocte
1218 3439 1332 3504 eadem
1355 3445 1511 3524 sequente

290 3534 428 3664 {lllssfiffifl
461 3539 662 3604 horribiliter
685 3540 772 3603 idem
795 3561 854 3604 rex
877 3541 1072 3620 vexabatur,
1095 3541 1131 3606 in
1162 3547 1295 3608 tantum
1327 3541 1415 3628 quod
1447 3541 1510 3607 ola-

290 3673 316 3715 at
331 3666 434 3714 {ramer-
461 3665 550 3708 more
573 3663 693 3727 magno
728 3643 922 3707 camerarios
953 3665 1030 3708 suos
1059 3645 1229 3723 excitavit,
1252 3645 1310 3730 qui
1342 3651 1512 3731 srugentes

291 3731 435 3862 ξξγθῐζώθ
461 3744 572 3810 omnia
594 3744 771 3808 luminaria
792 3745 829 3806 in
852 3765 980 3810 camera
1004 3751 1038 3810 et
1060 3745 1137 3811 aula
1158 3747 1230 3811 sine
1244 3747 1369 3811 lumina
1392 3753 1426 3813 et
1441 3749 1512 3811 sine

293 3864 384 3927 Ripon.
460 3849 536 3934 igne
574 3847 781 3922 invenerunt,
821 3852 856 3910 et
896 3847 966 3932 regi
1000 3846 1183 3913 thoriacum
1214 3849 1250 3912 in
1284 3849 1363 3916 vino
1396 3855 1513 3914 vocato

461 3969 602 4034 voutapc
624 3947 788 4012 dederunt
800 3971 808 4026 ;
830 3953 865 4012 et
896 3948 931 4010 in
965 3949 1109 4013 crastino
1139 3949 1183 4013 ad
1207 3949 1316 4035 Ripon
1349 3951 1515 4036 equitavit

462 4051 558 4117 valde
593 4051 752 4127 infirmus,
786 4051 845 4113 ubi
883 4051 1064 4135 permansit
1094 4071 1153 4135 per
1187 4058 1312 4136 septem
1344 4052 1424 4118 dies.
1470 4053 1515 4118 Et

294 4161 394 4225 Georgo
463 4153 594 4239 quando
613 4152 773 4237 Georgius
789 4149 988 4237 Plumpton,¹
1007 4151 1064 4236 qui
1080 4174 1190 4237 regem
1205 4160 1323 4219 octavo
1339 4154 1392 4219 die
1408 4155 1515 4220 decol-

293 4227 430 4342 {Jfflgffi'
462 4255 595 4318 rasonis
619 4253 786 4338 praedictae
810 4252 905 4328 vidit,
930 4251 1005 4338 (aa)
1024 4253 1113 4337 quos
1128 4253 1164 4316 in
1187 4254 1270 4319 facie
1293 4261 1328 4319 a
1350 4256 1386 4319 in
1409 4255 1515 4320 manr-

293 4359 524 4474 ffissffleewssbus
548 4361 698 4446 praedicti
721 4359 807 4445 regis
829 4379 958 4444 magnae
986 4359 1128 4445 pustulae
1151 4359 1287 4446 leprosae
1318 4361 1516 4428 crescebant,

1437 4547 1511 4560 —u—

497 4641 549 4692 ¹A
562 4656 609 4691 son
618 4641 647 4691 of
653 4640 693 4691 Sir
701 4641 814 4692 William
824 4643 963 4706 Plumpton
1014 4659 1082 4693 same
1106 4646 1164 4710 day.
1211 4645 1251 4698 cf.
1273 4645 1418 4711 Plumpton‚
1441 4647 1513 4699 Gorr.

462 4723 519 4772 wbo
531 4738 581 4772 uas
593 4729 640 4785 put
651 4727 677 4772 to
690 4721 765 4772 death
783 4721 825 4771 ior
841 4723 884 4772 the
896 4738 964 4772 same
1014 4721 1086 4774 xxiii.
1099 4723 1179 4786 xxiv„
1191 4725 1242 4776 and
1254 4725 1323 4776 Test.
1335 4725 1411 4776 Ebor.
1423 4726 1449 4778 ii,
1462 4730 1503 4778 67.

464 4817 539 4852 cause
551 4817 579 4853 as
590 4801 634 4850 the
646 4799 795 4866 archbisho'p
808 4803 858 4851 and
876 4817 909 4852 on
921 4802 965 4852 the
