3606 5798
676 892 722 942 nr
742 891 880 943 srunos
906 893 950 942 or
973 892 1134 946 nusum.
1358 883 1423 948 253

372 1085 471 1145 tenus
494 1081 666 1169 conjugem
688 1083 795 1170 primo
817 1083 968 1169 duxerat
1001 1083 1262 1171 Ermenburgem
1285 1083 1423 1149 sortitus

373 1183 456 1247 est
446 1204 482 1247 m
504 1185 761 1251 matrimonium.
808 1185 850 1250 In
872 1185 923 1271 cuj
927 1207 966 1250 us
989 1185 1086 1252 corde
1118 1185 1284 1272 malignus
1317 1183 1403 1250 host
1379 1189 1423 1250 t1s
1439 1187 1523 1240 wilfn
1516 1189 1564 1242 ''de

372 1283 436 1348 sibi
460 1284 640 1372 hospitium
662 1286 794 1364 iecerat,
818 1286 876 1351 ubi
899 1286 1049 1352 odiorum
1072 1291 1107 1352 et
1138 1287 1276 1353 invidiae
1308 1255 1554 1376 οοιιιιιιῑὶᾷζζιιζιῗέι

372 1385 513 1452 Beatum
547 1387 751 1474 Wylfn'dum
785 1387 960 1455 conficiens
991 1388 1150 1467 fomenta,
1183 1409 1243 1476 per
1273 1390 1422 1476 linguam

371 1488 519 1554 mulieris
540 1489 691 1556 incendit
723 1490 873 1558 animum
904 1490 991 1578 regis
1029 1489 1156 1578 usque¹
1194 1491 1421 1578 expulsionem

372 1591 544 1676 pontificis
592 1591 658 1658 Sed
681 1591 760 1678 quia
781 1613 841 1657 rex
871 1591 1061 1678 pontificem
1085 1591 1209 1658 desua
1240 1591 1316 1658 sede
1338 1613 1421 1680 pras-

371 1698 424 1758 ter
445 1713 638 1760 eonsensum
661 1693 823 1759 Theodori
844 1693 1079 1780 archiepiscopi
1109 1693 1231 1780 pellere
1253 1694 1422 1782 nequibat,

371 1796 546 1862 mondavit
567 1796 812 1883 archiepiscopo
835 1801 876 1861 ut
908 1795 1045 1862 adesset
1092 1796 1227 1862 Auditis
1259 1817 1342 1883 quas
1368 1817 1421 1862 ac-

370 1904 536 1964 cusatores
567 1899 736 1966 finxerant
767 1898 884 1976 causis,
916 1898 1032 1984 pulsus
1070 1905 1121 1964 est
1153 1899 1197 1964 ab
1230 1900 1420 1986 episcopatu

370 1999 555 2084 Wylfridus
592 2021 681 2068 anno
712 2000 755 2066 ab
786 1999 1014 2066 incarnatione
1044 1999 1181 2066 Domini
1216 2017 1420 2079 nctxxvun,

369 2103 426 2188 qui
449 2108 500 2168 cst
522 2123 631 2169 annus
652 2103 705 2168 sni
727 2103 935 2188 episcopatus
958 2101 1181 2180 duodecimus,
1204 2108 1240 2168 et
1271 2125 1330 2190 per
1363 2104 1419 2170 de-

366 2205 521 2269 cennium
543 2203 701 2270 exulavit
748 2203 899 2272 Secundo
922 2225 1009 2270 anno
1043 2204 1138 2291 regni
1168 2202 1339 2282 Aldiridi,l
1361 2207 1420 2292 qui

366 2311 442 2391 post
463 2305 602 2372 fratrem
627 2305 800 2393 Eglridum
823 2305 985 2392 regnavit,
1009 2305 1119 2371 sedem
1135 2313 1170 2372 et
1191 2307 1417 2393 episcopatum

367 2407 498 2494 recepit
544 2407 610 2473 Sed
633 2411 708 2494 post
730 2407 878 2498 quinque
900 2427 1004 2472 annos
1027 2405 1136 2472 denuo
1167 2413 1339 2474 accusatus
1374 2409 1416 2474 ab
1511 2463 1513 2468 .

368 2509 483 2574 eodem
504 2531 581 2595 rege
604 2513 639 2574 et
661 2508 812 2595 plurimis
835 2509 1004 2594 episcopis,
1022 2507 1204 2594 praesulatu
1219 2509 1333 2596 pulsus
1357 2515 1416 2578 est.

368 2611 480 2678 Tertio
503 2611 629 2678 decimo
651 2610 1030 2696 sccundaecxpulsionis
1061 2632 1130 2676 suae
1152 2631 1239 2676 anno
1262 2612 1418 2700 Haugus-

367 2709 573 2778 taldensem³
594 2712 720 2798 recepit
753 2712 986 2798 episcopatum,
1022 2711 1127 2778 Beato
1164 2711 1317 2778 Johanne
1345 2715 1417 2800 Jam

367 2836 425 2900 pro
448 2813 603 2880 defuncto
627 2813 737 2879 Bosan
760 2813 899 2879 Eboraci
922 2813 1114 2880 substituto.
1161 2813 1313 2894 Quatuor
1342 2821 1418 2902 post

366 2917 437 2984 hoec
468 2917 564 2982 annis
598 2915 787 3002 supervixit
823 2915 948 2980 Beatus
986 2913 1179 3000 Wylfn'dus,
1220 2915 1343 2982 babens
1380 2919 1417 2982 in

365 3019 554 3106 episcopatu
577 3018 644 3084 xlv.
679 3039 791 3084 annos
838 3017 918 3084 Post
950 3037 1048 3104 quem
1083 3018 1229 3104 suscepit
1259 3020 1416 3104 praesula·

364 3126 437 3186 tum
475 3118 775 3208 Haugustaldensis
808 3117 953 3186 ecclesiis
984 3118 1183 3184 venerabilis
1221 3118 1293 3206 ejus
1326 3142 1415 3208 pres·

363 3223 462 3308 byter
484 3221 594 3288 Acco.⁴

268 3364 276 3390 s
409 3325 534 3392 Beatus
556 3345 635 3390 vero
656 3323 834 3401 Johannee,
850 3349 917 3388 oum
939 3349 1000 3404 pm
1016 3331 1125 3402 majore
1147 3337 1295 3390 senectute
1317 3333 1414 3392 minus
1427 3337 1562 3416 Jobncnd

224 3429 230 3442 '
255 3410 310 3454 ‘’'‘
338 3424 546 3497 'episcopatui
575 3422 807 3478 administrando
829 3421 981 3486 sufficeret,
1004 3421 1138 3478 ordinato
1161 3421 1193 3476 in
1216 3422 1413 3496 episcopatum
1428 3405 1584 3462 Wflfflffl·

364 3512 552 3570 Eboracensis
573 3511 702 3569 ecclesia
724 3510 869 3584 Wylfrido
892 3509 1058 3584 presbytero
1080 3529 1143 3576 sno,
1159 3503 1229 3588 ipse
1252 3512 1290 3567 ad
1312 3531 1414 3572 mona·

362 3603 485 3659 sterium
506 3615 613 3670 suum,
636 3601 714 3674 quod
743 3600 775 3656 in
798 3599 872 3656 silva
895 3599 1059 3666 Deirorum,
1083 3600 1209 3666 secessit,
1233 3592 1345 3678 ibique
1377 3594 1414 3660 in

363 3705 441 3770 pace
464 3683 570 3749 vitem
592 3681 807 3748 terminavit:
829 3689 939 3746 mansit
953 3695 1051 3746 autem
1073 3689 1104 3744 in
1128 3689 1296 3764 episcopatu
1311 3691 1412 3748 miii.

362 3799 457 3838 anule.

406 3863 454 3927 At
492 3855 683 3948 Wylfridus‚
715 3859 857 3947 peractis
887 3859 940 3925 sui
977 3845 1185 3948 episcopatus
1217 3881 1271 3928 xv.
1306 3861 1412 3939 annis,
1425 3875 1527 3942 moen.

361 3984 577 4030 successorem
610 3962 730 4028 babuit
753 3961 945 4049 Egbertum,
968 3959 1079 4025 virum
1103 3959 1144 4026 de
1174 3960 1266 4048 regio
1287 3961 1412 4028 semine

360 4063 504 4131 nobilem
527 4069 562 4130 et
583 4063 793 4130 industrium.
839 4062 905 4144 Qui
928 4066 1003 4149 post
1025 4060 1202 4127 Paulinum
1224 4063 1351 4148 primus
1369 4065 1412 4130 ab

359 4165 550 4252 Apostolice
581 4165 657 4232 sede
688 4165 815 4251 accepit
848 4161 995 4250 pallium,
1017 4163 1161 4249 septimo
1194 4183 1283 4230 anno
1316 4165 1411 4252 regni

360 4266 509 4334 Geolwlfi
542 4268 638 4355 regis,
669 4267 847 4334 cenmsimo
881 4265 981 4331 tertio
1012 4285 1101 4331 anno
1134 4269 1210 4350 post
1241 4265 1410 4334 decessum

359 4370 499 4448 Paulini,
528 4369 591 4436 hoe
628 4373 679 4434 est
716 4387 805 4434 enno
842 4365 1026 4433 Dominicae
1057 4365 1295 4432 incarnationis
1333 4385 1408 4436 noo.

287 4659 289 4664 -
391 4645 400 4679 ι
418 4659 496 4709 ..ψ
516 4641 696 4710 mmm]
716 4642 749 4693 ad
771 4641 860 4706 expul·
917 4637 1230 4714 fermentum]
1268 4641 1397 4710 Hagurtal

357 4722 452 4776 nim
462 4737 552 4789 usque,
562 4723 594 4776 0.
906 4717 991 4772 musis
1002 4719 1124 4781 tedulfi,
1134 4719 1165 4772 0.

389 4800 547 4868 ²Alctsrict']
567 4799 690 4862 suffici,
701 4801 736 4852 Δ.
940 4799 1054 4867 ⁴Accc]
1074 4799 1150 4862 ΕΜ,
1161 4801 1198 4853 A·
