3586 5802
393 908 458 972 158
528 923 681 978 1111011
703 923 747 974 or
770 925 865 976 rous
886 924 1124 977 sacnsrsrrors
1146 927 1190 976 or
1212 927 1309 977 roan

221 1102 361 1154 assunto
389 1106 472 1172 tiam
494 1131 516 1175 a
537 1132 613 1198 rege
636 1112 757 1198 saepius
773 1113 948 1198 quaesitam
970 1117 1005 1178 11
1026 1113 1220 1199 suppliciter
1241 1109 1443 1199 postulatam

219 1179 293 1301 1⁸23ssss
304 1171 348 1222 the
389 1231 599 1298 nequaquam
621 1215 777 1296 obtinuit,
800 1237 860 1302 per
881 1237 980 1302 quem
1003 1215 1094 1301 prius
1118 1220 1153 1280 et
1175 1236 1266 1280 nunc
1284 1218 1442 1280 retentus.

390 1313 434 1378 Et
457 1315 590 1400 quidem
620 1339 680 1382 rex
714 1317 863 1384 Franciae
896 1324 930 1383 et
964 1339 1070 1384 comes
1102 1317 1356 1404 Andagavensis
1386 1315 1443 1381 be-

388 1415 490 1502 nigne
513 1440 589 1483 eum
611 1424 724 1485 tamen
758 1421 964 1498 direxissent,
988 1421 1067 1506 quia
1096 1425 1131 1486 et
1161 1443 1237 1486 eum
1259 1419 1444 1506 diligebant

388 1523 423 1582 et
460 1541 558 1606 super
595 1521 798 1588 adversitate
836 1521 908 1607 ejus
952 1522 1177 1588 misericordia
1214 1522 1441 1587 movebantur.

217 1609 345 1696 Areias·
387 1619 521 1700 Quanto
553 1644 639 1708 papa
670 1623 805 1710 propius
840 1624 1014 1689 Franciam
1045 1623 1230 1701 accedebat,
1271 1627 1367 1688 tanto
1398 1635 1460 1685 ne·

218 1684 302 1816 ἓξὲξ
310 1691 375 1801 ιᾞῗ
386 1727 498 1788 noster
520 1723 643 1789 electus
665 1725 775 1810 ipsum
797 1724 905 1790 adiret
927 1725 1154 1811 R[adulphus]
1178 1724 1441 1812 archiepiscopus

219 1823 348 1938 ⁸323&
386 1823 461 1910 plus
476 1825 625 1890 timebat.
671 1826 803 1891 Institit
825 1826 929 1912 igitur
958 1827 1029 1912 regi
1063 1826 1200 1891 monitis
1232 1831 1267 1890 et
1289 1825 1442 1912 precibus

261 1898 279 1948 ε
385 1931 425 1991 ut
447 1949 523 1992 eum
546 1927 668 1994 faceret
689 1929 726 1993 in
741 1929 898 2015 Angliam
920 1928 1050 1994 reverti.
1086 1927 1346 2015 Quadragesima
1360 1933 1442 1994 tunc

386 2035 465 2096 erat.
512 2030 608 2095 Istud
638 2053 716 2096 vero
750 2052 956 2116 summopere
987 2030 1123 2096 conanti
1156 2035 1236 2096 ante
1258 2029 1384 2096 Pascha
1405 2051 1440 2094 se

215 2140 339 2193 Tamtin's
384 2152 452 2197 non
474 2155 706 2222 regressurum,
728 2133 907 2220 respondit,
931 2133 1063 2198 dicens:
1091 2132 1197 2198 “Non
1218 2133 1297 2212 est,’'
1320 2133 1441 2217 inquit,

216 2216 353 2341 ffl‘i’flgf'
385 2239 401 2269 “
425 2235 565 2314 domine,
599 2235 775 2300 honestum
808 2234 952 2300 ecclesiae
983 2234 1038 2300 cui
1069 2255 1210 2320 praeesse
1237 2234 1348 2310 debeo,
1379 2221 1467 2298 nec¹

384 2343 401 2370 “
424 2357 571 2422 personae
594 2358 676 2401 meae
695 2336 763 2401 illic
785 2335 898 2402 adesse
921 2334 1054 2422 quando
1077 2335 1226 2413 chrisma,
1243 2336 1333 2421 quod
1355 2339 1437 2398 tem-

385 2445 401 2472 “
423 2460 486 2524 pus
519 2439 682 2515 imminet,
715 2460 782 2503 non
816 2443 931 2524 potero
965 2459 1162 2515 consecrare,
1194 2459 1255 2503 nec
1286 2441 1439 2502 sanctum

386 2547 402 2574 “
424 2539 557 2618 Pascha,
580 2541 666 2606 sicut
689 2541 783 2606 decet
816 2539 1026 2626 metropolim
1058 2543 1092 2604 et
1123 2538 1365 2626 metropolitan,
1388 2559 1438 2603 so·
1543 2563 1546 2569 ¹

384 2649 402 2676 “
423 2641 576 2707 lemniter
598 2643 711 2708 facere.
750 2643 794 2706 Et
809 2641 846 2704 in
868 2641 981 2726 aliquo
996 2641 1138 2705 forsitan
1161 2641 1291 2727 profore
1314 2645 1438 2727 potero,

385 2749 400 2777 “
424 2743 452 2806 si
475 2764 644 2828 quousque
667 2748 702 2808 et
724 2765 783 2808 vos
813 2741 955 2806 redeatis
985 2742 1055 2827 ipse
1085 2741 1298 2807 remansero.”
1343 2741 1438 2807 Man-

383 2845 478 2910 davit
508 2867 584 2932 ergo
615 2846 646 2911 ei
678 2867 738 2910 rex
772 2848 936 2930 quatenus
968 2865 1044 2908 eum
1075 2843 1228 2908 veritatis
1260 2843 1440 2909 assertione

383 2951 584 3013 assecuraret
613 2969 648 3012 se
670 2951 746 3034 post
767 2945 894 3012 Pascha
926 2945 1061 3010 iturum.
1108 2945 1152 3011 Et
1182 2945 1257 3011 ille:
1280 2944 1353 3009 “In
1374 2943 1440 3010 Dei

384 3056 402 3082 “
423 3048 559 3114 consilio
583 3054 617 3113 et
647 3049 734 3134 regis
765 3049 843 3113 inde
874 3071 927 3114 me
959 3046 1109 3134 ponam.''
1156 3047 1220 3113 Oui
1252 3047 1373 3133 aliquis
1397 3047 1439 3111 de

384 3150 598 3215 internuntiis
633 3151 804 3236 episcopus
827 3149 962 3234 quidem
993 3149 1075 3214 satis
1105 3149 1232 3214 urbane
1255 3154 1291 3214 et
1313 3149 1438 3234 episco-

383 3252 503 3336 paliter
524 3252 690 3316 reddidit:
717 3252 793 3316 “De
809 3251 873 3316 Dei
895 3251 1031 3317 consilio
1054 3250 1228 3316 dimissum
1249 3251 1358 3328 facite,
1380 3251 1439 3315 sed

384 3359 401 3385 “
424 3352 573 3418 absolute
603 3353 640 3416 in
669 3353 755 3438 regis
785 3352 922 3418 consilio
954 3373 1014 3418 vos
1037 3353 1184 3438 positum
1208 3353 1337 3419 dicite.''
1383 3352 1440 3417 Ad

384 3456 479 3541 quod,
495 3435 581 3520 sicut
602 3455 660 3520 alii
683 3457 741 3541 qui
763 3456 909 3532 aderant,
932 3455 1002 3542 ipse
1026 3455 1199 3522 subridens
1222 3479 1359 3543 semper,
1379 3457 1438 3534 ait,

384 3567 401 3593 “
426 3558 601 3623 Communi
623 3557 760 3622 consilio
782 3557 847 3622 Dei
869 3558 1077 3644 proponam.’'

217 3665 371 3720 calixtum.
429 3659 492 3723 His
515 3660 565 3723 ita
586 3659 656 3745 regi
687 3659 809 3737 relatis,
832 3681 892 3724 nec
924 3659 1031 3724 multo
1063 3666 1139 3746 post
1173 3661 1260 3727 sicut
1283 3661 1438 3727 dominus

215 3747 352 3851 Ἥξει
383 3782 470 3848 papa
506 3759 757 3846 archiepiscopis
797 3760 954 3837 Franciae,
993 3761 1190 3840 Germaniae,
1224 3763 1438 3850 Burgundiae,

215 3865 361 3944 Conponat
386 3862 579 3948 Aquitaniae
602 3862 788 3948 provinciae,
812 3863 859 3928 sic
892 3868 927 3927 et
956 3863 992 3926 in
1015 3863 1257 3931 Normanniam
1280 3867 1438 3934 Rotoma-

214 3930 326 3983 Rhama.
382 3965 475 4051 gensi
497 3963 747 4050 archiepiscopo,
772 3963 1004 4029 Cantuariensi
1035 3966 1290 4054 archiepiscope,
1314 3969 1438 4036 Ebora·

383 4067 470 4131 censi
494 4065 596 4130 electo
618 4065 732 4129 literas
767 4063 906 4151 singulis
938 4065 1087 4151 singulas
1119 4068 1223 4148 misit,
1246 4069 1437 4136 mandando

381 4168 574 4253 praecipiens
596 4171 759 4252 quatenus
781 4189 856 4234 cum
878 4167 1095 4254 suffragancis
1118 4170 1186 4234 suis
1218 4172 1380 4259 episcopis
1403 4179 1439 4239 11

381 4270 564 4348 abbatibus,
587 4271 678 4335 omni
700 4270 867 4336 occasione
889 4270 1020 4356 rejecta,
1038 4271 1186 4339 Concilio
1202 4274 1357 4342 Generali
1385 4277 1436 4342 in-

382 4374 549 4447 teressent,
581 4371 669 4456 quod
698 4371 735 4435 in
771 4372 926 4458 proxima
964 4371 1079 4438 Sancti
1118 4374 1217 4442 Lucae
1250 4377 1437 4446 festivitate

383 4469 496 4534 Remis
518 4469 679 4536 celebrare
702 4472 916 4558 disposuerat

213 4592 344 4658 Thepope
428 4571 529 4655 Apud
560 4569 863 4652 Clarum-montem,
895 4597 969 4661 quae
1000 4576 1119 4643 civitas
1155 4585 1207 4645 est
1238 4580 1436 4664 Marumnia,

215 4658 364 4712 iseromea
386 4671 473 4736 diem
503 4671 710 4739 Pentecostes
743 4677 923 4743 solenniter
954 4677 1132 4758 celebrans,
1163 4682 1251 4748 sicut
1286 4683 1437 4754 Romana

213 4725 324 4842 pocular-
377 4774 584 4840 consuetudo
619 4776 732 4863 exigit,
754 4786 927 4846 coronatus
961 4786 1019 4847 est.
1066 4783 1150 4850 Inde
1184 4785 1337 4872 pluribus
1362 4812 1437 4877 per·
