3454 5816
421 871 486 934 434
681 887 783 934 arvus
806 886 850 934 or
873 885 944 934 rns
966 885 1204 935 sacsnrsnors

228 1061 380 1158 ¹tlisgreat
468 1073 535 1139 Hic
570 1073 694 1138 etiaml
743 1077 814 1136 erat
848 1078 942 1158 pater
975 1071 1174 1159 hospitalis²
1212 1095 1311 1160 super
1347 1074 1472 1160 praede-

249 1148 402 1212 ¹¹⁰⁹p¹t³¹¹¹l²
421 1197 561 1240 cessores
584 1197 679 1252 su0s3
718 1176 841 1242 diversi
875 1177 1004 1262 generis
1037 1175 1197 1241 familiam
1229 1197 1381 1262 magnam
1414 1177 1474 1242 ad-

422 1278 550 1354 unavit,
571 1298 617 1353 ac,
652 1277 955 1364 incomparabiliter
985 1277 1151 1342 adunatos
1182 1277 1338 1354 reficiens,
1361 1301 1474 1342 omnes

421 1401 496 1443 suos
512 1379 652 1444 vicarios
675 1379 711 1442 in
726 1400 813 1443 anno
829 1379 1006 1444 honorifice
1022 1379 1168 1444 vestivit
1208 1378 1349 1445 Fertur³
1371 1381 1473 1445 etiam

421 1481 513 1544 iiii.¹¹·
539 1479 628 1545 dolia
660 1481 731 1544 vini
766 1480 861 1544 rubei
897 1480 940 1543 ad
971 1480 1042 1565 ejus
1071 1479 1254 1566 hospitium
1277 1481 1387 1548 delata
1413 1503 1473 1568 pro

423 1603 489 1647 uuo
512 1604 599 1646 anno
624 1603 689 1647 non
713 1580 865 1646 sufficere.

256 1687 392 1766 Htsueaah
470 1683 564 1749 Obiit
586 1689 697 1748 autem
721 1685 783 1747 iste
815 1683 1078 1769 archiepiscopus
1111 1684 1147 1747 in
1181 1683 1328 1750 manerio
1350 1707 1409 1750 suo
1431 1686 1473 1751 de

252 1757 402 1806 annonast.
425 1786 556 1864 Oawod,
580 1805 639 1849 xx⁰
662 1786 715 1851 die
749 1787 871 1850 mensis
895 1785 1055 1862 Octobris,
1086 1807 1174 1851 anno
1195 1785 1331 1852 Domini
1354 1804 1471 1852 Metus.

424 1905 535 1964 xxm,
558 1909 645 1953 anno
668 1911 746 1953 vero
761 1889 987 1954 translationis
1011 1911 1078 1953 sure
1101 1899 1169 1966 xv⁰,
1192 1912 1373 1977 corpusque
1393 1891 1472 1974 ejus,

424 1991 467 2055 ad
489 1989 656 2054 ecclesiam
681 1990 919 2080 Eboracensem
943 1989 1099 2068 delatum,
1123 1993 1165 2056 erl
1189 1993 1291 2058 altare
1315 1994 1472 2058 Omnium

254 2105 332 2184 What
344 2107 376 2156 he
426 2092 621 2156 Sanctorum
646 2093 812 2177 sepultum
836 2093 968 2157 existit:
992 2094 1080 2178 quod
1103 2095 1237 2178 quidem
1260 2096 1362 2160 altare
1385 2095 1471 2159 idem

253 2173 390 2289 ffinfssffle
425 2200 518 2279 pater
539 2195 619 2258 dum
642 2195 730 2258 vixit
753 2196 940 2280 sumptibus
962 2196 1030 2259 suis
1054 2197 1195 2282 propriis
1226 2199 1306 2283 erigi
1330 2198 1408 2263 feeit
1438 2203 1472 2262 et

422 2295 632 2372 consecravit,
657 2316 693 2360 ac
717 2296 800 2359 illud
823 2296 915 2360 libris
940 2302 974 2360 et
997 2299 1198 2364 ornamentis
1221 2299 1360 2363 ornavit.
1406 2299 1472 2364 Hic

422 2400 522 2464 etiarn
547 2403 641 2482 pater
663 2419 767 2460 unum
791 2399 1028 2463 vestimentum
1063 2399 1261 2484 completum
1293 2422 1367 2464 cum
1391 2401 1471 2465 duo·

422 2501 526 2566 decim
551 2500 639 2584 capis
670 2499 759 2585 nigri
794 2499 918 2576 coloris,
943 2504 977 2563 et
1009 2499 1102 2564 aliud
1129 2501 1364 2566 vestimentum
1396 2523 1470 2568 eum

422 2605 466 2667 ix.
492 2601 582 2685 capis
605 2599 697 2664 rubei
722 2599 838 2664 coloris
862 2600 940 2666 huic
963 2601 1105 2667 ecclesiae
1127 2602 1276 2669 contulit.

370 2889 371 2892 ,
476 2821 533 2884 Du
555 2819 724 2884 tonsura
748 2819 875 2884 Ksurn
898 2836 1168 2912 nucumnsooro
1192 2823 1417 2890 Esouacsusr.

469 2994 777 3080 Quinquagesimus
806 2994 963 3080 magister
985 2994 1153 3061 Johannes
1192 2997 1327 3084 Kampe,
1365 3002 1471 3087 primo

404 3098 566 3189 ¹Rofensi,
592 3097 738 3162 seeundo
776 3097 983 3175 Oicestrensi,
1017 3100 1115 3164 tertio
1138 3100 1359 3168 Londoniensi
1389 3127 1471 3190 prae-

419 3199 485 3262 fuit
517 3198 683 3276 ecclesiis3
717 3220 756 3262 ac
790 3199 909 3263 deiude
942 3221 1000 3284 per
1023 3201 1205 3266 Martinum
1238 3204 1399 3284 Quintum
1434 3207 1470 3270 in

419 3300 505 3364 festo
529 3299 661 3364 Sanctae
686 3300 881 3385 Margaretae
907 3299 1063 3386 Virginis,
1086 3324 1173 3368 anno
1195 3305 1331 3370 Domini
1352 3325 1469 3373 mcccc.

422 3419 530 3479 xxva,
563 3401 605 3466 ad
645 3401 884 3466 Eboraeensem
923 3403 1090 3468 ecclesiam
1129 3407 1310 3472 translatus
1348 3414 1405 3486 est,
1432 3432 1469 3476 ac

421 3504 474 3568 die
498 3556 504 3569 .
522 3557 528 3567 .
546 3555 553 3570 .
569 3505 689 3567 mensis
714 3501 924 3589 Septembris,
941 3526 1027 3569 anno
1042 3505 1177 3570 Domini
1202 3525 1422 3585 mccccxxvt„
1436 3519 1470 3578 et

420 3627 507 3670 auno
539 3627 607 3670 sure
642 3605 867 3686 translationis
899 3607 912 3691 [
1047 3606 1070 3691 ],
1102 3629 1189 3672 anno
1224 3631 1301 3676 vero
1333 3611 1469 3680 Heurici

422 3707 516 3772 Sexti
544 3708 557 3791 [
689 3707 712 3792 ],
736 3707 772 3770 in
796 3707 990 3772 Eboracensi
1021 3708 1154 3774 ecclesia
1186 3733 1246 3776 aua
1277 3719 1328 3778 est
1350 3735 1469 3802 magno

421 3831 495 3875 cum
519 3809 641 3873 honore
664 3809 891 3873 intronizatus.
1282 3869 1284 3874 ,

254 3921 301 3999 ltts
314 3931 385 3986 great
466 3911 548 3976 Erat
570 3915 681 3975 autem
713 3911 775 3974 iste
798 3905 1069 3997 archiepiscopus
1093 3936 1212 4001 proper
1234 3917 1468 3985 multiformem

250 3989 396 4106 {ffliffio
419 4034 440 4078 a
463 4013 533 4078 Deo
556 4013 620 4076 sibi
651 4011 803 4076 collatam
835 4012 987 4097 gratiam,
1009 4015 1172 4099 pretiosus
1206 4019 1241 4080 in
1275 4019 1376 4085 oculis
1400 4044 1463 4088 om·

252 4121 377 4172 attestare.
418 4117 520 4179 nium.
567 4115 611 4178 Et
634 4115 713 4198 quia
736 4114 771 4176 in
795 4113 939 4178 consiliis
955 4120 989 4179 et
1005 4119 1201 4183 tractatibus
1224 4121 1316 4206 regni
1340 4144 1467 4210 magnae

418 4217 603 4303 prudentiae
627 4221 661 4298 et
685 4215 799 4278 multae
833 4221 905 4280 erat
939 4219 1154 4298 strenuitatis
1185 4225 1351 4288 communi
1374 4227 1466 4312 regni

248 4337 274 4386 1³
287 4342 386 4389 marea
417 4320 551 4384 consilio
584 4317 794 4382 cancellarius
826 4316 956 4402 Angliae
988 4323 1038 4383 est
1073 4320 1214 4388 effeetus.
1270 4323 1354 4390 (lum
1389 4348 1466 4393 vero
1565 4323 1569 4330 ’

247 4403 367 4454 cardinal.
416 4422 536 4484 summi
559 4419 724 4504 pontificis
747 4419 882 4483 auribus
905 4421 992 4485 tanti
1008 4419 1071 4484 viri
1095 4423 1183 4488 fama
1198 4425 1368 4505 insonuit,4
1389 4452 1466 4496 mox

415 4543 489 4585 eum
529 4524 563 4584 in
602 4521 799 4585 cardinalem
833 4521 1087 4607 presbyteratus,
1112 4525 1229 4592 deinde
1261 4531 1466 4617 episcopatus

416 4683 692 4690 --—....--.......--.--....-.
712 4683 828 4689 ......-...
846 4685 858 4688 -
876 4685 1086 4694 --.---—..-.
1294 4693 1304 4696 -
1337 4694 1345 4698 .
1358 4694 1381 4700 -

448 4744 456 4775 ¹
474 4743 562 4807 etium]
583 4757 633 4790 om.
646 4743 680 4791 H.
996 4746 1005 4778 ³
1025 4745 1137 4814 Fertur]
1156 4750 1261 4812 Ferunt,
1273 4753 1308 4801 H.

447 4823 457 4854 ²
474 4819 618 4892 lroqritub'e]
635 4821 810 4888 hospitalitati,
822 4825 895 4880 Text,
994 4826 1004 4860 ⁴
1022 4827 1146 4896 insonuit]
1165 4828 1318 4900 insonuerat,
1331 4833 1365 4890 Η.
