3538 5800
411 883 453 943 28
733 890 816 939 vna
838 889 962 938 saum
984 889 1139 938 oswmnl

409 1105 506 1170 opere
529 1081 697 1147 delectum
719 1099 835 1164 passus
859 1083 910 1142 est
931 1075 1090 1162 propter1
1125 1097 1209 1142 onus
1243 1077 1465 1157 sacerdotale5

409 1185 468 1250 sed
491 1189 551 1249 aut
566 1183 655 1246 idem
678 1181 735 1266 qui
759 1177 884 1244 fuerat2
899 1179 1058 1264 perstitit,
1085 1183 1147 1244 aut
1169 1178 1278 1264 seipso
1301 1178 1466 1244 sullimior

242 1296 285 1345 Pa
292 1295 398 1344 lxxxiii.
409 1288 445 1350 in
460 1283 649 1370 hujusmodi
665 1305 761 1368 opere
783 1282 899 1358 factus,
914 1281 963 1346 od
977 1280 1170 1345 uidendum
1185 1280 1299 1346 Deam
1313 1280 1465 1346 Deorum

409 1388 452 1453 io
474 1387 566 1472 Spore
588 1387 691 1451 aciem
724 1407 793 1448 suae
807 1385 937 1448 'mentis
959 1383 1162 1447 indeficienti
1186 1383 1465 1468 contemplatione

242 1499 345 1550 Onus
358 1513 396 1548 re-
409 1490 579 1576 din'gebat.
626 1487 692 1551 Hic
724 1486 835 1570 ig'tur,
859 1485 1012 1569 quamvis
1040 1484 1238 1549 Eboraoensi
1266 1484 1465 1568 pontificatu

241 1564 363 1681 &instrue
409 1591 596 1656 sullimatus
618 1588 778 1664 extiterit,
802 1607 915 1650 curam
950 1591 1064 1651 tamen
1099 1585 1310 1671 episcopatus
1334 1585 1466 1670 Wigor-

245 1699 393 1760 worcester,
408 1695 519 1758 nensis
542 1714 610 1757 non
631 1690 751 1755 amisit.
799 1688 971 1772 Siquidem
988 1687 1112 1752 Beatus
1135 1686 1342 1762 Dunstanus‚
1366 1709 1465 1772 quem

241 1764 368 1829 muwuy.
408 1796 593 1863 sollicitudo
616 1794 764 1858 omnium
780 1791 989 1856 ecclesiarum
1013 1790 1049 1854 in
1061 1790 1239 1854 Britannia
1262 1769 1464 1855 constituta-

407 1923 481 1964 rum
504 1896 707 1984 respiciebat,
731 1915 850 1958 verens
884 1914 927 1957 ne
950 1891 1103 1956 monachi
1127 1892 1163 1956 in
1196 1892 1269 1976 ipsa
1291 1891 1466 1978 Wigomia

407 2024 466 2087 per
492 2022 567 2064 eum
594 2004 675 2062 tune
689 1995 821 2060 noviter
843 1993 993 2059 instituti
1009 1993 1121 2078 aliqua
1144 1993 1356 2078 ultraquam
1379 1994 1464 2060 ferre

408 2101 557 2166 valerent
589 2097 809 2182 temptatione
842 2099 1107 2170 concuterentur,
1130 2094 1160 2158 si
1191 2094 1350 2180 pastorali
1385 2117 1465 2161 cura

408 2202 560 2267 destituti
584 2221 652 2265 non
675 2199 917 2282 haberentque
940 2197 1160 2272 munirentur,
1185 2197 1344 2281 praeoepit
1367 2198 1398 2262 ei
1422 2221 1464 2262 ex

407 2304 602 2370 auctoritate
635 2302 754 2365 summi
784 2299 926 2385 pastoris
963 2299 1122 2383 quatinus
1157 2319 1196 2362 ea
1231 2320 1298 2384 qua
1335 2299 1464 2365 solebat

408 2406 581 2493 diligentia
603 2404 669 2468 illis
702 2403 899 2478 intenderet,
931 2401 1041 2485 quoad
1071 2421 1247 2484 personam
1278 2405 1384 2466 tantae
1415 2403 1464 2467 rei

408 2511 569 2584 idoneam,
592 2506 664 2571 Deo
687 2509 903 2580 monstrante,
926 2502 977 2566 illi
1004 2502 1206 2566 substituere
1229 2509 1347 2587 posset.

454 2632 504 2693 24.
529 2627 607 2691 Post
629 2623 700 2689 haec
722 2622 895 2686 instabant
926 2619 996 2684 dies
1019 2619 1255 2705 Rogationum,
1278 2626 1313 2685 et
1345 2642 1463 2687 servus

408 2729 497 2796 Dei³
520 2727 693 2793 Oswaldus
715 2728 847 2809 sumpto
870 2723 990 2786 itinere
1013 2721 1222 2785 Rameseiam
1254 2723 1349 2807 petit,
1381 2723 1462 2787 visi-

407 2840 478 2898 tare
502 2831 626 2897 seilicet
648 2833 682 2892 et
704 2826 863 2892 consolari
886 2823 1013 2900 fratres,
1037 2845 1128 2908 quos,
1152 2828 1315 2910 utsupra
1346 2827 1462 2889 memi-

407 2937 526 3010 nimus,
559 2929 756 3018 jamdudum
794 2928 842 2991 ibi
875 2931 1038 3012 posuerat.
1092 2925 1207 3002 Adest,
1239 2931 1274 2990 et
1308 2927 1461 2991 monachi

407 3060 466 3122 pro
488 3056 576 3100 more
600 3033 844 3097 nominatorum
867 3029 995 3093 dierum
1018 3027 1203 3113 procedunt
1226 3027 1269 3091 ad
1292 3027 1461 3093 ecclesiam

407 3140 520 3203 Beatae
544 3135 667 3211 Mariae,
690 3154 764 3218 quae
787 3132 829 3196 ob
852 3130 1102 3216 interjacentem
1124 3129 1281 3214 paludem
1303 3151 1370 3194 non
1394 3130 1461 3194 nisi

405 3241 504 3326 longo
541 3235 682 3303 circuitu
714 3255 773 3318 per
804 3232 927 3297 siccum
958 3231 1044 3300 adiri
1075 3229 1216 3294 valebat.
1278 3229 1348 3294 Ubi
1379 3231 1461 3296 cele.

406 3344 503 3409 brata
535 3340 644 3414 Missa,
682 3341 717 3400 et
750 3357 771 3399 a
804 3334 959 3420 pontifice
991 3330 1143 3396 solenni*
1170 3336 1303 3416 peracto
1335 3333 1456 3418 praedi·

407 3442 546 3510 cationis
569 3439 684 3515 officio,
698 3436 852 3501 monaehi
874 3435 1118 3520 longitudinem
1135 3435 1200 3499 viae
1216 3455 1283 3518 qua
1298 3441 1462 3501 venerant

406 3543 599 3630 compendio
637 3546 765 3606 mutare
816 3537 975 3613 volentes,
1023 3556 1143 3600 navem
1186 3535 1378 3614 ascendunt,
1416 3539 1459 3603 ad
1533 3602 1535 3609 ,

406 3645 641 3714 monasterium
656 3666 714 3730 per
728 3640 869 3706 fluvium
885 3640 943 3726 qui
961 3638 1126 3704 interfluit
1140 3639 1288 3704 redituri.
1335 3640 1459 3706 Verum

406 3753 486 3818 dum
509 3749 614 3836 major
636 3767 792 3812 numerus
814 3744 987 3809 hominum
1002 3743 1039 3806 in
1061 3763 1181 3806 navem
1205 3741 1337 3828 fugeret
1360 3766 1459 3829 quam

405 3854 502 3920 navis
524 3851 608 3917 ferre
630 3849 764 3925 valeret,
788 3851 925 3912 onerata
946 3844 1045 3908 nimis
1079 3844 1183 3929 mergi
1216 3845 1327 3929 coepit.
1376 3844 1459 3910 'l'ur-

405 3957 528 4023 bantur
550 3954 587 4018 in
604 3974 690 4019 nave
713 3949 937 4023 consistentes,
960 3949 995 4010 et
1018 3944 1102 4009 mori
1124 3949 1288 4009 metuunt.
1337 3945 1457 4013 Excla.

405 4064 507 4136 mant,
540 4078 634 4142 opem
668 4053 765 4118 Beati
804 4047 977 4114 Benedicti
1009 4067 1047 4111 ac
1080 4046 1133 4110 sui
1167 4047 1273 4132 patris
1309 4047 1458 4113 Oswaldi

405 4162 505 4227 affore
528 4159 592 4223 sibi
614 4155 829 4243 postulantes,
848 4173 926 4216 nam
948 4151 1019 4234 ipse
1042 4153 1138 4233 pater
1160 4148 1197 4211 in
1220 4149 1294 4235 ripa
1309 4149 1458 4215 fluminis

405 4264 513 4330 adhuc
535 4267 635 4336 stans,
657 4257 724 4322 iis⁵
747 4256 804 4341 qui
839 4275 949 4318 secum
984 4255 1079 4316 erant
1110 4250 1209 4315 utilia
1243 4254 1396 4337 quadam
1419 4276 1458 4321 ac

404 4361 587 4432 necessaria
618 4357 822 4445 disponebat.
863 4355 914 4421 Ut
945 4357 1057 4419 autem
1079 4353 1216 4418 auribus
1239 4355 1311 4440 ejus
1334 4357 1458 4422 clamor

439 4643 447 4676 ¹
462 4637 580 4707 propter]
600 4651 650 4686 om.
663 4634 695 4685 B.
986 4627 997 4660 ⁴
1014 4625 1124 4691 micant]
1144 4628 1288 4690 solenniter,
1300 4629 1332 4681 Β.

437 4723 449 4756 ²
459 4717 568 4786 suant]
588 4715 648 4777 fuit,
659 4713 694 4763 A.
706 4714 737 4763 B.
983 4707 993 4739 ⁵
1014 4705 1060 4770 iis]
1080 4703 1129 4766 his,
1140 4706 1172 4756 B.

438 4801 449 4835 ³
466 4812 552 4849 aarum
563 4793 631 4859 Dei]
650 4794 753 4852 Beatus,
764 4791 798 4841 A.
810 4789 840 4840 Β.
