3586 5802
422 843 487 907 212
579 853 728 908 smroav
751 856 794 906 or
817 856 911 908 roua
933 855 1172 908 mosmsuors
1194 857 1238 908 or
1261 857 1360 909 vona

252 1057 325 1110 with
333 1057 410 1108 much
421 1049 548 1111 tortum
571 1051 630 1111 est.
677 1044 823 1112 Nolebat
845 1045 933 1111 enim
956 1050 1076 1122 noster,
1099 1067 1160 1112 nec
1175 1047 1211 1110 in
1226 1047 1373 1126 minime,
1396 1047 1473 1113 sub-

252 1125 400 1254 pheppposnion
418 1148 479 1234 jici
502 1148 561 1229 illi,
585 1168 645 1214 noc
667 1147 723 1213 ille
756 1169 816 1233 pro
847 1149 992 1234 primatu
1028 1147 1069 1213 de
1103 1169 1162 1214 suo
1193 1154 1327 1214 tantum
1349 1151 1474 1236 partiri.

252 1259 326 1322 posu
336 1257 360 1308 is
425 1249 590 1315 Existimo
622 1248 712 1334 quod
745 1253 857 1314 noster
890 1247 1082 1316 nullatenus
1116 1251 1336 1328 concessisset,
1359 1251 1388 1316 si
1410 1251 1475 1316 Ro

253 1325 393 1390 mm·
423 1371 556 1417 marram
578 1350 747 1418 ecelesiam
769 1370 837 1416 non
860 1351 1044 1417 consentire
1066 1372 1134 1417 non
1157 1352 1357 1420 credidisset.
1394 1351 1477 1418 Haec

422 1451 655 1520 convenientia
687 1452 731 1517 ab
762 1453 834 1538 ipso
866 1451 975 1538 legato
1006 1451 1172 1538 descripta
1206 1460 1257 1519 est
1288 1454 1333 1520 ab
1363 1454 1476 1520 eodem

422 1554 561 1620 Romam
598 1553 800 1639 proferendo.
846 1552 919 1618 Rex
951 1554 992 1619 de
1024 1554 1193 1638 praeterito
1224 1556 1399 1642 poenitens,
1437 1555 1478 1620 de

421 1655 535 1722 futuro
557 1675 746 1742 praecavens
773 1675 815 1720 no
845 1654 1033 1720 Romanum
1063 1655 1212 1742 legatum
1235 1656 1272 1722 in
1294 1678 1395 1744 regno
1418 1678 1477 1722 suo

423 1757 531 1823 denuo
568 1757 736 1843 reciperet,
775 1756 939 1842 persuasit
973 1761 1009 1820 et
1046 1757 1206 1844 praecepit
1244 1755 1478 1824 Cantuariensi

422 1859 673 1946 archiepiscopo.
735 1857 902 1938 Quatinus
939 1857 1137 1945 legationem
1170 1866 1323 1946 precatus
1357 1867 1409 1928 est
1440 1865 1478 1926 ut

423 1961 474 2026 ini
496 1962 537 2028 de
560 1961 621 2028 hoc
644 1961 680 2025 in
703 1960 877 2027 consilium
907 1964 943 2026 et
964 1961 1129 2026 auxilium
1159 1961 1303 2029 fideliter
1325 1963 1479 2030 adessent

423 2069 458 2131 et
480 2063 530 2128 illi
553 2063 776 2148 annuere[nt].
830 2061 1042 2128 Abeuntibus
1079 2062 1335 2150 archiepiscopis
1367 2064 1479 2152 prohi-

424 2166 532 2232 bendo
554 2163 741 2250 imperavit,
764 2163 793 2228 si
816 2163 971 2228 dominus
992 2184 1080 2250 papa
1102 2166 1310 2232 concordiam
1334 2167 1478 2233 interae

424 2268 590 2355 pmvisam
614 2266 789 2332 concedere
814 2270 848 2330 et
870 2264 1063 2332 confirmare
1097 2266 1209 2345 nollet,
1233 2289 1275 2333 ne
1307 2268 1386 2333 inde
1402 2267 1478 2354 pla-

425 2371 585 2450 citarent3
607 2369 659 2434 sin
674 2374 795 2446 autem,
810 2366 854 2434 ad
869 2367 1020 2434 ecclesias
1035 2389 1112 2433 suas
1127 2389 1195 2434 non
1211 2373 1464 2436 reverterentur.

255 2482 393 2534 rhesrch·
472 2469 724 2547 Oantuariensis
744 2489 819 2534 cum
841 2467 910 2534 suis
933 2467 998 2535 iter
1019 2469 1233 2556 aggreditur;
1256 2475 1369 2536 noster
1391 2493 1480 2549 vero,

255 2549 371 2666 fflffi,
426 2577 595 2658 assumpto
610 2571 674 2636 sibi
697 2569 798 2634 fratre
821 2591 881 2635 suo
905 2569 1120 2636 Ebroicensi¹
1143 2573 1315 2659 episcopo:
1339 2594 1479 2658 quorum

256 2683 345 2732 Rome.
387 2747 393 2760 ,
426 2676 616 2742 societatem
639 2671 748 2738 omine
780 2671 926 2738 infausto
959 2677 994 2738 et
1025 2672 1097 2738 diro
1129 2673 1316 2740 infortunio
1350 2673 1480 2761 legatus

256 2747 406 2879 fflegffissffi'
426 2779 534 2866 elegit.
581 2775 754 2861 Siquidem
786 2773 929 2840 multam
962 2774 1138 2860 pecuniam
1173 2776 1210 2839 in
1244 2775 1407 2862 cophinis,
1445 2781 1480 2842 et

255 2879 339 2958 with·
426 2880 558 2967 bulgiis,
582 2883 616 2943 et
638 2876 754 2943 loculis
786 2875 961 2962 portabat;
993 2876 1081 2961 quod
1104 2877 1144 2941 de
1179 2876 1237 2942 illo
1260 2877 1476 2964 proverbium

256 2945 366 2996 mm·
427 2981 518 3047 assus
541 2979 607 3044 sm
631 2982 783 3064 poterat:
815 2977 1041 3064 “nspraeas
1076 2978 1244 3044 assideat
1266 2979 1325 3064 qui
1348 2979 1480 3066 publice

426 3087 442 3118 “
466 3081 658 3148 thesamum
681 3079 717 3143 in
739 3079 796 3144 via
819 3077 958 3165 portat.”
1004 3077 1051 3144 Et
1072 3079 1152 3166 ipse,
1168 3079 1258 3166 quod
1281 3079 1479 3166 quibusdam

424 3183 461 3247 in
492 3182 611 3248 itinere
643 3179 776 3244 odiosus
809 3184 888 3256 erat,
913 3183 1103 3265 eapropter·
1121 3201 1180 3266 per
1217 3180 1304 3260 avia,
1338 3203 1397 3268 per
1428 3203 1479 3248 as-

427 3303 513 3370 pera,
529 3303 588 3369 per
609 3281 722 3360 ardua,
744 3300 803 3366 per
825 3281 976 3366 abrupta
994 3301 1053 3366 per
1068 3281 1141 3347 vias
1163 3280 1285 3368 quibus
1308 3281 1349 3348 de
1372 3283 1482 3369 patria

258 3395 361 3448 mutin
372 3398 418 3448 has
429 3389 543 3451 nostra
564 3403 661 3449 nemo
685 3381 825 3448 Romam
848 3381 1043 3459 ambulavit,
1066 3381 1269 3469 vagabundi,
1292 3383 1481 3463 disturbati,

258 3478 385 3596 fflby
429 3485 527 3572 capti,
558 3481 721 3568 redempti
754 3481 893 3548 adversa
923 3486 1020 3548 tanta
1045 3488 1157 3548 noster
1188 3489 1224 3550 ct
1254 3484 1307 3550 sui
1337 3487 1482 3572 perpessi

258 3595 378 3660 chassy.
430 3593 517 3666 sunt,
532 3592 572 3653 ut
594 3585 623 3650 si
645 3605 712 3650 non
735 3582 793 3650 illa
808 3605 868 3670 pro
890 3584 1078 3671 repellenda
1099 3584 1302 3672 professione
1323 3587 1482 3664 indebita,

429 3691 495 3758 ista
531 3687 672 3754 nimium
706 3691 739 3752 et
772 3686 846 3773 plus
884 3687 921 3751 in
951 3707 1090 3753 numero
1127 3687 1279 3755 fuissent.
1339 3688 1482 3775 Jamque

429 3791 684 3860 Oantuariansss
728 3787 844 3854 Romae
877 3793 945 3854 tres
982 3789 1184 3875 septimanas
1222 3789 1370 3858 fecerant
1406 3813 1482 3859 cum

427 3895 531 3960 nostri
564 3893 643 3958 illuc
673 3889 879 3978 perveniant,
909 3911 969 3956 nec
1004 3891 1044 3956 de
1074 3889 1218 3978 negato²
1249 3893 1362 3979 aliquo
1391 3894 1482 3980 quic·

428 4016 527 4082 quam
542 3996 796 4081 temptaverant,
812 3991 958 4079 legatum
973 3996 1008 4056 ct
1029 3991 1311 4080 archiepiscopum
1333 4000 1483 4062 nostrum

429 4101 666 4184 exspectantes.
715 4092 989 4160 Oantuariensem
1011 4114 1090 4158 vero
1122 4114 1190 4160 non
1213 4095 1341 4163 modice
1376 4097 1482 4182 poeni-

429 4200 523 4266 tebat
544 4198 631 4266 hanc
652 4196 887 4265 confessionem
909 4195 1032 4274 fecisse,
1062 4195 1133 4282 jam
1156 4197 1272 4264 audito
1294 4198 1426 4284 incepto
1449 4205 1484 4266 et

430 4301 528 4367 modo
550 4300 640 4386 pacis
662 4299 750 4364 inter
772 4297 1033 4384 archiepiscopos
1067 4299 1216 4384 provisas.
1262 4299 1483 4386 Aliquantum

431 4401 573 4468 Romani
595 4400 854 4487 indignabantur
875 4420 985 4486 regem
1008 4421 1043 4466 se
1066 4399 1108 4468 ad
1131 4399 1194 4468 hoc
1216 4400 1373 4488 ingerere,
1395 4403 1484 4488 quod

466 4673 691 4726 ¹i.e.Audoenas.
724 4672 780 4724 The
791 4673 849 4726 MS.
857 4673 931 4725 reads
1009 4671 1182 4740 3ιὶοηιεςναιο]
1202 4671 1344 4739 denegatio,
1354 4671 1411 4726 MS.

431 4750 832 4834 “Eboraeansiarchicpieeopod'
950 4683 960 4818 1
