3530 5790
421 875 486 940 396
683 887 782 936 nrvas
806 887 848 934 or
872 873 950 934 rnn'
965 881 1206 934 monuissem

448 1251 504 1316 Da
528 1251 663 1318 Seuero
687 1251 879 1316 Wrmnnruo
903 1252 1125 1318 Enoancausr
1148 1247 1440 1316 nucnramscoro.¹

252 1447 366 1564 {ssmwss'
465 1453 661 1520 Tricesimus
691 1474 769 1519 vero
794 1453 1007 1520 hboraccnsis
1037 1453 1300 1538 archiepiscopus
1327 1451 1472 1538 regimen

253 1550 580 1642 A.D'.1154.Praef³i118
618 1555 804 1620 Willclmus
843 1556 996 1641 suscepit.
1052 1555 1119 1620 Hic
1156 1560 1277 1630 autem,
1315 1554 1471 1619 defuncto

420 1657 565 1722 Henrico
596 1657 849 1743 archiepiscopo,
886 1679 908 1722 a
948 1657 1107 1722 fratribus
1144 1657 1215 1722 suis
1245 1665 1391 1720 canonicis
1421 1676 1473 1720 ec·
1486 1647 1605 1763 {³23⁵

419 1759 526 1824 clesiae
549 1759 771 1836 EboracensiS,
795 1787 847 1840 pro
871 1766 975 1840 majori
991 1773 1021 1824 et
1041 1769 1168 1839 digniori
1183 1773 1274 1840 parte,
1299 1759 1335 1822 in
1365 1756 1472 1822 aschi-
1492 1751 1562 1830 27⁴..
1575 1730 1601 1778 μ

420 1863 607 1950 episcopum
639 1860 769 1926 iterum²
792 1862 923 1940 electus,
957 1861 1097 1928 Romam
1127 1861 1294 1948 profectus
1324 1867 1384 1938 est,
1413 1859 1472 1924 ad-

420 1961 565 2029 ventus³
596 1964 647 2028 sui
680 1986 812 2030 causam
845 1964 1027 2029 venerabili
1062 1985 1157 2050 papae
1192 1963 1378 2038 Anastasio,
1414 1961 1473 2046 qui

420 2065 568 2153 Eugenio
593 2067 782 2132 immediate
814 2073 1021 2143 successerat,
1044 2067 1191 2131 seriatim
1226 2064 1379 2132 ostendit
1425 2065 1473 2128 At

419 2167 484 2244 ille,
507 2177 542 2232 de
565 2177 782 2250 praedecessoris
805 2179 850 2232 sui
874 2167 1014 2254 Eugenii
1049 2177 1150 2232 dolens
1173 2175 1329 2242 sententia,
1353 2176 1472 2231 electio·

418 2299 486 2335 nom
526 2270 684 2335 Willelmi
719 2271 910 2336 canonicam
942 2280 1135 2345 confirmavit,
1171 2285 1202 2334 ct
1232 2279 1327 2334 eidem
1360 2297 1472 2332 summo

419 2401 485 2438 cum
508 2383 616 2438 honore
639 2383 863 2438 consecrationis
895 2379 930 2438 et
952 2373 1046 2458 pallii
1080 2375 1180 2438 decus
1213 2377 1385 2458 glatanbcr
1417 2381 1473 2436 im-

419 2483 529 2556 pendit.
576 2475 720 2560 Accepta
735 2473 873 2560 itaque⁴
888 2473 1088 2560 Apostolicae
1099 2475 1340 2540 benedictionis
1353 2475 1472 2560 gratia

419 2576 606 2642 Willelmus
632 2576 668 2641 in
699 2576 855 2662 Angliam
894 2598 1053 2653 reversus,
1087 2576 1278 2662 ubicunque
1313 2575 1474 2652 advenit,⁵

419 2679 614 2745 castimonia
651 2699 690 2744 ac
725 2677 911 2743 innocentis
948 2678 1028 2743 vites
1066 2677 1213 2764 puritate
1260 2676 1474 2742 laudabiliter

420 2781 552 2845 effulsit.

253 2906 388 2958 aarum·
467 2882 532 2962 Qui
556 2903 630 2947 cum
663 2882 808 2947 venisset
831 2879 1056 2959 Cantuariam,
1080 2881 1228 2967 Rogerus
1252 2881 1471 2948 Cantuarien-

252 2973 403 3104 fflfffis
420 2983 464 3048 sis
488 2983 631 3049 ecclesiae
654 2982 911 3060 archidiaconus,
934 2981 1095 3048 desiderio
1127 2989 1254 3048 mutuae
1286 2982 1472 3048 collationis

253 3110 407 3169 successor),
420 3107 494 3150 cum
518 3107 556 3149 eo
590 3083 752 3148 habende
786 3083 973 3169 specialiter
1003 3105 1166 3162 accensae,
1198 3106 1274 3149 cum
1309 3105 1367 3170 pro
1401 3105 1471 3148 suae

250 3172 396 3290 ffifflffi
419 3186 606 3252 sanctitatis
629 3185 816 3250 reverentia
838 3185 956 3250 devote
980 3185 1140 3252 visitavit.
1187 3187 1272 3254 Cum
1295 3209 1373 3252 vero
1395 3192 1472 3273 post

253 3307 358 3357 Canter-
420 3295 535 3375 optata
558 3289 646 3353 tanti
669 3289 773 3374 patris
807 3287 971 3373 colloquia
1002 3287 1151 3375 Rogerus
1182 3289 1226 3353 ad
1257 3289 1391 3374 propria
1421 3310 1471 3352 re-

252 3373 324 3438 bury,
420 3399 567 3470 incesset,
590 3391 776 3456 Willelmus
799 3390 1059 3478 archiepiscopus
1082 3392 1183 3458 talem
1206 3393 1248 3457 de
1271 3415 1309 3457 eo
1331 3391 1473 3479 protulit

420 3496 630 3572 sententiam,
640 3493 828 3560 astantibus
840 3494 969 3563 diceus:
985 3501 1002 3528 ‘¹
1015 3494 1083 3560 Iste
1098 3496 1163 3560 erit
1174 3517 1338 3562 successor
1354 3495 1472 3560 meus.”

421 3597 517 3678 Quod
540 3603 574 3662 ct
596 3597 719 3664 factum
743 3602 799 3660 est.
1225 3591 1227 3596 ’

465 3700 510 3763 Et
532 3699 653 3764 exinde
675 3697 886 3784 progrediens
908 3696 951 3763 ad
973 3698 1141 3764 ecclesiam
1174 3721 1266 3764 suam
1291 3701 1473 3767 Ebomcen-

421 3825 490 3867 sem
512 3802 577 3866 iter
599 3801 747 3886 arripuit.
795 3801 897 3864 Venit
918 3805 1030 3864 autem
1055 3801 1238 3867 Eboracum
1274 3804 1326 3868 dic
1358 3803 1470 3868 Domi-

421 3905 496 3970 nica
529 3903 681 3988 proxima
713 3907 790 3966 ante
822 3902 944 3966 festum
967 3903 1176 3968 Ascensionis
1199 3905 1390 3982 Dominicae,
1414 3907 1473 3993 vij.

420 4007 496 4070 idus
531 4005 621 4083 Maii,
654 4025 743 4069 anno
781 4003 917 4068 Domini
955 4021 1101 4082 arctum,
1136 4011 1177 4082 et,
1212 4006 1360 4072 maxima
1398 4029 1472 4073 cum

421 4108 596 4174 devotione
619 4107 696 4172 cleri
720 4112 754 4170 ct
776 4106 890 4191 populi
914 4106 977 4170 sibi
1001 4110 1200 4173 occurrentis
1232 4115 1412 4196 susceptus,
1436 4113 1475 4175 in

253 4229 394 4284 Themin-
421 4211 591 4277 civitatem
630 4208 807 4295 perductus
842 4214 900 4273 est.
948 4208 1033 4274 Cum
1067 4217 1179 4276 autem
1215 4212 1303 4278 ultra
1338 4219 1473 4300 pontem

253 4300 384 4350 ⁰¹³³¹²²¹¹¹⁰
421 4315 509 4390 Usae,
532 4319 613 4378 tunc
635 4310 791 4396 ligneum,
816 4311 995 4376 comitante
1018 4312 1112 4397 plebe
1145 4315 1319 4382 innumera
1353 4319 1475 4382 transi-

253 4366 341 4430 bridgc
352 4367 378 4415 in

254 4431 334 4482 York.
421 4423 481 4493 ret,
505 4417 640 4500 dirupta
662 4435 730 4500 prae
762 4412 877 4499 populi
900 4423 1115 4494 ponderositate
1139 4426 1229 4495 lignei
1249 4429 1346 4498 pontis
1369 4425 1476 4486 struc—
1491 4403 1623 4530 ζῦξῆεῇἰ,

1322 4589 1461 4599 ---...
1492 4553 1518 4600 p.
1532 4543 1591 4588 275.

456 4671 464 4705 ¹
484 4674 540 4724 Om.
553 4669 579 4720 in
593 4671 622 4723 C.
1003 4670 1013 4702 ⁴
1031 4669 1129 4736 itaque]
1149 4688 1207 4735 qus,
1219 4669 1252 4722 A.

455 4752 465 4784 ²
483 4750 584 4815 iterum]
606 4757 644 4800 eet
657 4750 703 4798 ins.
716 4750 746 4799 a.
1002 4749 1012 4781 ⁵
1030 4748 1143 4816 advertit]
1163 4751 1240 4812 venit,
1254 4752 1282 4802 B.

456 4832 466 4867 ³
481 4829 616 4896 adversim]
636 4846 684 4895 quc
697 4830 743 4880 ius.
756 4831 787 4880 1⁴}-
801 4829 833 4880 G.
