3410 5840
443 925 508 987 534
870 928 1053 978 uersuum.

442 1126 477 1188 in
500 1122 695 1188 infirmitate
718 1119 925 1206 aliquamdiu
940 1161 1104 1182 .....
1127 1118 1162 1178 et
1186 1109 1268 1176 aliis
1294 1108 1337 1172 de
1362 1103 1502 1186 Haxeby

442 1225 652 1300 testantibu5‚
675 1222 896 1308 cognovimus.
944 1218 1027 1283 Haec
1048 1215 1172 1280 ibidem
1198 1211 1324 1278 eodem
1348 1208 1403 1272 die
1425 1204 1506 1270 saui-

443 1333 549 1392 tabem
571 1327 703 1410 recepit,
727 1330 762 1389 et
784 1323 913 1408 abjecto
936 1319 1053 1386 baculo
1076 1319 1120 1386 ad
1142 1315 1286 1402 propria
1310 1310 1422 1376 rediit.

279 1437 396 1500 Ayourh
491 1430 541 1492 15.
566 1427 707 1490 Juvenis
731 1425 832 1490 etiam
864 1421 1000 1508 quidam
1033 1421 1074 1484 de
1098 1413 1293 1504 Seggefeld,
1318 1409 1403 1476 villa
1432 1428 1506 1492 qua·

279 1503 345 1551 from
734 1541 737 1546 ,
801 1527 807 1540 ,
912 1524 919 1538 ,
1050 1521 1103 1535 ,,
1195 1519 1202 1533 ,

282 1531 522 1632 g„1g,fl,1d‚dam
546 1535 638 1593 trans
661 1529 775 1612 Teyse‚
799 1525 994 1589 infirmitate
1023 1542 1128 1586 mmra
1159 1519 1275 1584 tribus
1310 1514 1390 1589 fere,
1412 1513 1506 1596 prout

282 1650 311 1682 0⁰
333 1637 388 1684 Dur
443 1632 578 1718 juvenis
601 1630 776 1706 asserebat,
800 1628 897 1691 annis
930 1626 966 1688 in
989 1622 1204 1688 interioribus
1229 1617 1389 1705 graviter
1410 1629 1505 1676 vexa-

279 1703 345 1750 h³¹¹¹'
447 1741 510 1812 tue,
533 1733 658 1798 auditis
680 1731 716 1795 in
739 1731 793 1794 die
809 1729 1018 1793 Pentecostes
1041 1725 1141 1811 hujus
1165 1719 1345 1786 miraculis
1361 1711 1504 1785 Eboraci,

447 1835 532 1901 adiit
555 1833 739 1919 (forestam)
775 1832 816 1895 de
849 1829 980 1895 Galtres
1015 1827 1125 1892 tabem
1160 1824 1312 1888 multam
1345 1833 1501 1886 evomens,

448 1938 508 2000 vix
540 1941 660 2021 quarta
696 1934 780 1998 feria
812 1933 995 1997 Eboracum
1027 1929 1141 2006 venit3
1173 1933 1210 1992 ot
1250 1925 1298 1988 ad
1323 1918 1503 2006 sepulcrum

449 2039 565 2104 Sancti
598 2035 758 2102 Willelmi
790 2035 954 2112 accedens,
987 2033 1165 2097 sanitatem
1204 2030 1379 2111 integram
1416 2021 1505 2082 nocte

449 2145 607 2224 sequente
630 2162 664 2202 se
687 2137 810 2201 ibidem
833 2137 995 2222 accepisse
1018 2133 1166 2198 asseruit:
1243 2113 1245 2120 ,

282 2239 382 2354 :Joffi
495 2243 546 2306 16.
572 2239 696 2303 Eadem
719 2239 821 2303 etiam
843 2243 939 2302 nocte
975 2235 1100 2300 femina
1121 2233 1280 2319 quaedam
1304 2229 1347 2292 de
1378 2217 1504 2288 Hemel-

284 2369 348 2418 from
450 2363 518 2430 say,
551 2363 626 2426 quae
660 2341 811 2426 passione
845 2339 951 2402 nimia
985 2337 1082 2403 annis
1120 2334 1278 2421 plurimis
1323 2331 1362 2393 in
1403 2320 1505 2407 capite

283 2435 421 2502 Helmsley.
451 2443 644 2519 vexabatur,
668 2447 702 2506 et
733 2441 833 2506 unius
867 2440 957 2505 auris
991 2438 1153 2514 auditum,
1185 2435 1278 2499 sicut
1312 2433 1408 2516 pater
1440 2420 1504 2506 ejus

450 2550 485 2610 et
518 2543 577 2608 alii
620 2541 767 2627 ejusdem
800 2539 891 2605 villae
925 2539 1144 2612 testabantur,
1179 2535 1351 2607 amiserat,
1385 2523 1501 2596 ibidem

450 2645 613 2732 passionis
636 2645 788 2708 levamen
811 2663 888 2707 cum
910 2640 1031 2706 auditu
1053 2637 1275 2723 recuperavit.

281 2755 389 2806 Ablind
497 2745 549 2814 17.
572 2746 669 2811 Faria
692 2745 811 2830 quinta
834 2747 1000 2828 sequente,
1022 2741 1146 2805 femina
1168 2739 1327 2824 quaedam
1352 2733 1392 2796 dc
1414 2725 1502 2791 Pick·

284 2838 379 2937 ffln
451 2850 552 2934 arieg,
586 2847 760 2912 duodecim
798 2846 904 2922 annis,
937 2844 1037 2912 ¹sicut
1068 2843 1142 2927 ipsa
1173 2839 1328 2915 asseruit,
1361 2829 1502 2899 caecitate

285 2954 427 3019 Picken'ns·
451 2971 612 3038 percussa,
636 2954 670 3012 ot
692 2949 728 3011 in
752 2946 899 3011 Eboraco
922 2943 981 3008 diu
1004 2945 1040 3009 in
1063 2943 1126 3009 hac
1148 2941 1302 3008 caecitate
1325 2947 1502 3003 conversan
1570 2939 1573 2946 '

451 3052 592 3137 cognita,
615 3049 725 3112 visum
748 3047 872 3112 ibidem
895 3045 1028 3132 recepit.

284 3151 442 3264 ῥὶἕιθξῑέῆ
495 3156 546 3214 18.
570 3150 649 3216 Alia
671 3151 773 3214 etiam
798 3147 951 3233 quaedam
975 3148 1016 3212 de
1040 3143 1178 3212 civitate
1195 3143 1356 3216 Eboraco,
1372 3149 1498 3200 manens

284 3282 352 3348 right
363 3293 425 3339 arm,
451 3255 488 3317 in
510 3253 567 3318 via
590 3271 663 3336 quae
688 3256 826 3316 vocatur
850 3247 1064 3330 Walmecate,
1087 3268 1223 3312 manum
1247 3246 1403 3310 dextram
1431 3251 1500 3300 cum

283 3348 428 3482 {ffigm
452 3353 588 3420 brachio
610 3352 708 3417 aunis
740 3351 899 3417 tredecim
922 3351 1115 3416 intantum
1146 3352 1352 3414 contractam
1382 3332 1499 3406 habuit,

286 3481 404 3532 innork.
430 3452 494 3524 'ut
516 3479 580 3522 usu
614 3475 732 3520 manus
763 3460 798 3519 et
828 3453 956 3520 brachii
991 3451 1126 3518 omnino
1160 3456 1296 3518 careret.
1343 3447 1384 3510 In
1413 3441 1500 3527 parte

443 3559 556 3625 -etiam
590 3559 709 3622 dextra
739 3577 887 3642 gressum
911 3555 992 3620 adeo
1024 3555 1188 3630 amiserat,
1210 3557 1251 3616 ut
1285 3549 1403 3637 pedem
1430 3541 1499 3626 post

455 3684 489 3728 se
513 3661 647 3726 trahens
672 3660 732 3723 vix
755 3659 857 3723 etiam
880 3657 998 3722 baculo
1021 3657 1165 3741 quodam
1198 3655 1350 3721 incedere
1372 3645 1497 3714 valeret.

456 3762 636 3848 Loquelam
669 3761 769 3827 etiam
803 3759 998 3845 impeditam
1032 3757 1159 3834 habuit,
1194 3756 1244 3821 ita
1266 3761 1307 3820 ut
1333 3752 1376 3818 ad
1409 3740 1497 3811 intel·

453 3864 577 3931 lectum
591 3862 694 3927 verba
716 3861 861 3947 proferre
877 3868 944 3924 non'
960 3864 1079 3946 posset.
1125 3858 1208 3922 Haec
1230 3857 1346 3922 eodem
1369 3849 1421 3916 dic
1435 3864 1497 3910 reo·

453 3973 527 4032 tum
554 3962 711 4051 gressum,
734 3964 863 4048 abjecto
887 3961 1013 4038 baculo,
1029 3974 1231 4045 manumque
1249 3958 1311 4044 (et)
1335 3947 1495 4021 brachium

454 4068 588 4144 directa,
628 4071 662 4130 et
699 4064 851 4140 flexibus,
894 4061 982 4130 sicut
1019 4081 1040 4125 a
1077 4061 1211 4126 domino
1260 4052 1496 4140 archiepiscopo

455 4166 653 4236 Eboracensi
687 4187 823 4232 manum
855 4163 946 4228 illius
978 4166 1181 4228 attractante
1212 4165 1247 4226 et
1278 4157 1435 4228 flectente,
1465 4148 1495 4209 el

455 4272 529 4338 aliis
553 4269 707 4334 similiter
729 4265 983 4352 quamplurimis
1005 4265 1183 4351 probatum
1205 4261 1279 4339 fuit,
1303 4258 1422 4327 ibidem
1449 4267 1495 4313 re·

459 4375 556 4460 cepit.
602 4372 644 4434 In
667 4369 800 4455 loquela
821 4367 1014 4454 aliqualiter
1035 4366 1211 4432 meliorata
1233 4368 1291 4430 est.

289 4476 380 4530 asiel
502 4477 553 4541 19.
578 4473 675 4537 Alter
707 4473 808 4536 etiam
844 4470 979 4558 quidam
1001 4469 1042 4534 de
1073 4467 1229 4554 parochia
1260 4466 1301 4531 de
1324 4461 1429 4532 Ledes,
1454 4447 1494 4515 ab

287 4543 420 4665 {didm
457 4576 554 4643 annis
577 4580 703 4660 septem
733 4575 805 4659 ipso
828 4576 1001 4648 asserente,
1025 4576 1060 4636 et
1090 4569 1230 4636 Paulino
1252 4567 1435 4655 presbytero
1455 4549 1491 4615 de

458 4677 563 4744 Ledes
586 4677 680 4762 cujus
703 4675 922 4762 parochianus
953 4673 1020 4738 fuit
1041 4671 1270 4737 testimonium
1304 4649 1492 4733 infirmitatis

459 4781 531 4868 ejus
568 4778 771 4866 perhibente,
816 4777 852 4841 in
889 4774 1102 4842 interioribus
1139 4771 1332 4860 gravissime
1369 4769 1399 4832 et
1425 4750 1490 4821 'fere

1657 2631 1664 2756 l
