3538 5800
417 857 457 918 12
737 865 819 914 vrrs
842 867 963 916 ssucrr
987 865 1140 915 oswium

414 1054 539 1130 intulit,
561 1059 597 1118 et
619 1053 714 1118 illum
736 1077 833 1141 quern
857 1055 986 1120 viderat
1005 1055 1076 1140 jam
1098 1076 1166 1120 non
1190 1055 1286 1120 vidit.
1334 1053 1471 1120 Introiit

415 1175 491 1239 ergo
514 1154 557 1218 ad
579 1155 778 1219 sacerdotem
793 1155 960 1241 palpitans
984 1162 1019 1220 et
1033 1161 1187 1232 tremens,
1209 1175 1248 1220 ac
1262 1177 1305 1220 ne
1321 1154 1469 1220 animum

416 1256 486 1340 ejus
521 1258 747 1342 quoquomodo
781 1257 970 1322 offendisset
1001 1259 1037 1322 in
1071 1279 1109 1322 eo
1133 1257 1221 1342 quod
1244 1258 1352 1343 ipsum
1376 1257 1470 1342 quasi

246 1355 354 1404 ¹1⁰t⁰¹¹⁸
416 1359 521 1422 solum
554 1357 751 1444 reliquerat¹
775 1359 905 1437 timens,
928 1365 962 1424 et
984 1361 1137 1446 exposita
1159 1381 1258 1424 causa
1280 1361 1368 1446 fugre
1392 1381 1469 1435 suae,

247 1421 352 1550 iiiiii}
415 1459 541 1544 pallens
574 1461 758 1526 sciscitatus
790 1466 848 1538 est,
872 1465 985 1525 utrum
1024 1457 1082 1526 et²
1104 1461 1174 1547 ipse
1197 1461 1320 1526 viderit
1354 1466 1389 1524 et
1411 1482 1470 1524 ou·

248 1553 306 1602 fied.
416 1561 515 1626 dierit
548 1583 623 1646 quos
655 1584 689 1626 se
723 1562 845 1626 vidisse
883 1562 1010 1627 ferebat
1047 1568 1082 1627 et
1119 1563 1258 1628 audisse.
1305 1563 1353 1626 At
1390 1561 1469 1625 ille:

415 1673 432 1698 ‘¹
456 1663 571 1742 Bene,''
620 1663 739 1750 inquit,
777 1664 877 1728 “vidi
915 1669 950 1728 et
992 1665 1107 1729 audivi
1150 1686 1225 1748 quse
1268 1663 1371 1744 dicis3
1413 1663 1471 1728 sed

416 1766 664 1831 “benedictum
696 1766 741 1830 sit
772 1787 891 1831 nomen
913 1767 977 1831 Dei
1001 1766 1256 1852 Omnipotentis‚
1280 1766 1361 1851 quia
1394 1765 1472 1829 licet

415 1875 433 1901 “
457 1889 478 1932 a
523 1873 556 1932 to
602 1863 667 1930 sirn'
703 1866 789 1932 male
832 1867 998 1953 deceptus,
1033 1873 1145 1933 tamen
1185 1868 1222 1931 in
1265 1870 1470 1934 sacrosancto

416 1978 434 2004 “
457 1969 640 2034 ministerio
663 1959 800 2033 'vivifici
832 1970 974 2054 corporis
1013 1975 1047 2034 ct
1081 1969 1252 2055 sanguinis
1287 1969 1368 2054 Ejus
1402 1989 1471 2032 non

248 2066 317 2116 Who
370 2131 376 2144 ,
416 2079 529 2134 “sum
551 2070 594 2135 ab
613 2071 660 2134 Eo
684 2071 857 2136 desertus.”
905 2071 1086 2137 Interdixit
1101 2077 1213 2136 tamen
1229 2071 1259 2135 ei
1275 2071 1381 2136 modis
1397 2070 1470 2154 qui·

248 2131 403 2248 {dcxciii
416 2173 478 2237 bus
509 2178 711 2258 poteratne
746 2174 825 2238 dum
868 2175 938 2260 ipse
970 2175 1050 2240 vitae
1084 2173 1239 2260 praesenti
1278 2178 1469 2259 superesset,

249 2265 391 2394 ζξέιξεξῑθῇ
416 2297 484 2339 rem
508 2296 581 2360 quae
604 2275 766 2340 acciderat
788 2276 894 2342 cuivis
917 2276 1088 2342 hominum
1111 2277 1336 2342 innotesceret

463 2403 490 2463 8.
530 2399 707 2484 Postquam
760 2405 872 2466 autem
919 2406 1219 2486 supramemoratus
1271 2399 1470 2465 venerabilis

416 2500 569 2586 pontifex
604 2501 677 2567 Odo
717 2507 805 2566 certo
842 2502 949 2566 relatu
987 2503 1143 2589 cognovit
1180 2507 1335 2588 nepotem
1372 2523 1470 2566 suum

416 2603 607 2668 Oswaldum
645 2603 682 2666 in
720 2604 879 2668 bonorum
923 2625 1058 2689 operum
1103 2604 1233 2670 culmen
1279 2603 1471 2679 excrevisse,

415 2705 591 2770 immensas
626 2705 855 2792 omnipotenti
887 2706 958 2770 Deo
989 2706 1114 2791 gratias
1145 2727 1254 2791 agens,
1289 2705 1406 2770 diebus
1433 2725 1471 2769 ac

415 2807 567 2871 noctibus
603 2807 687 2870 Eum
720 2808 922 2893 precabatur,
955 2808 1113 2894 quatinus
1156 2807 1251 2871 illum
1274 2813 1308 2872 ct
1342 2808 1471 2893 jugiter

249 2897 395 3026 gdlgffi
417 2909 459 2972 ad
492 2909 626 2973 meliora
658 2909 821 2994 proficere,
848 2915 882 2974 ct
914 2911 950 2973 in
981 2909 1038 2974 via
1075 2910 1285 2995 perfectionis
1319 2931 1468 2975 consum-

248 3029 403 3080 forOawaro.
417 3007 566 3074 matum³
589 3011 778 3076 concederet
798 3017 873 3096 post
894 3011 980 3077 hanc
1000 3012 1107 3092 ‚vitam
1131 3034 1165 3076 se
1187 3011 1299 3077 Deum
1322 3011 1472 3076 Deorum

249 3110 291 3222 ξ’·
300 3109 403 3158 lxxxiii.
417 3111 460 3176 io
482 3111 576 3195 Syoo
606 3113 726 3178 videre.
772 3114 881 3178 Missis
913 3119 1072 3200 praeterea
1106 3113 1244 3179 diversis
1278 3114 1470 3179 muneribus

417 3213 530 3278 abbati
567 3237 606 3280 ac
638 3215 806 3280 monachis
843 3237 902 3301 pro
939 3239 999 3281 suo
1023 3217 1186 3292 Oswaldo,
1218 3237 1299 3300 quas
1331 3221 1471 3280 noverat

417 3316 599 3393 convenire,
636 3338 710 3381 eum
756 3318 906 3402 precibus
942 3325 1051 3403 grates
1089 3318 1239 3382 exsolvit
1302 3318 1470 3383 Indicavit

417 3419 516 3482 ctiam
540 3419 606 3484 iilis
629 3441 663 3484 se
695 3420 798 3504 ipsius
825 3421 1000 3504 praesentia
1022 3441 1218 3506 magnopere
1240 3421 1325 3485 velle
1349 3422 1449 3506 potiri
1460 3446 1468 3501 ;

416 3525 488 3582 tum
512 3521 591 3604 quia
621 3521 711 3586 senio
742 3520 878 3586 confinis
901 3527 1040 3584 mortem
1064 3521 1127 3584 sibi
1149 3521 1367 3607 propinquam
1390 3523 1470 3586 scie·

417 3621 483 3698 bot,
508 3627 579 3684 tum
612 3623 691 3707 quia
722 3621 864 3706 regulari
887 3623 1134 3687 conversatione
1157 3645 1225 3687 suae
1248 3624 1357 3709 gentis
1381 3625 1469 3688 viros

416 3743 475 3808 per
512 3744 587 3786 eum
625 3725 797 3788 instituere
829 3723 1031 3808 disponebat.
1101 3724 1183 3802 Quae
1215 3725 1273 3788 ubi
1311 3725 1469 3790 fratribus

417 3827 521 3891 relata
552 3833 639 3903 sunt,
661 3826 754 3912 gravi
787 3846 925 3888 moerore
959 3824 1077 3910 dejecti
1104 3833 1316 3891 asseruerunt
1341 3828 1469 3892 sosine

417 3930 474 3994 illo
509 3943 724 4014 nequaquam,
759 3927 788 3992 si
826 3927 896 3991 fieri
934 3933 1052 4012 posset,
1085 3927 1121 3990 in
1158 3928 1220 3993 hac
1252 3929 1324 3994 vita
1355 3930 1468 3994 vivers

417 4032 510 4110 velle,
542 4038 714 4118 propterea
745 4030 832 4116 quod
866 4031 937 4115 ejus
969 4031 1250 4096 conversationem
1282 4033 1346 4097 sibi
1377 4039 1411 4097 et
1433 4034 1469 4098 in

417 4135 528 4201 anima
562 4143 596 4199 et
627 4135 663 4198 in
695 4155 827 4220 corpore
858 4134 1035 4198 sensissent
1057 4131 1154 4197 valde
1177 4134 1344 4218 profuisse.
1391 4135 1468 4200 Non

417 4239 577 4303 audentes
599 4243 712 4302 tamen
734 4236 901 4301 voluntati
931 4234 1092 4300 antistitis
1117 4235 1258 4312 obviare,
1281 4243 1407 4322 parent,
1430 4260 1469 4303 ac

418 4338 555 4404 Domini
588 4358 719 4402 servum
755 4335 867 4401 debito
901 4357 976 4401 cum
1010 4334 1133 4401 honore
1165 4337 1208 4401 ad
1230 4342 1351 4402 nutum
1386 4360 1468 4424 pras-

417 4441 497 4508 sulis
531 4439 687 4525 dirigunt
733 4437 781 4502 At
814 4437 869 4503 ifle
901 4438 1002 4504 citato
1025 4439 1144 4504 itinere
1168 4438 1322 4525 Angliam
1344 4446 1469 4525 petens,

450 4670 459 4703 ¹
477 4665 627 4732 reliquerat]
652 4679 815 4732 magnopere,
826 4664 872 4714 ius.
885 4664 918 4714 A.
998 4663 1009 4697 ²
1026 4671 1108 4714 uuum
1118 4665 1156 4731 ct]
1172 4673 1256 4715 utrum
1269 4682 1339 4728 nam,
1350 4667 1384 4717 A.
1397 4668 1428 4718 B.

418 4752 450 4800 Β.
999 4743 1009 4776 ³
1027 4743 1228 4810 concrematum]
1243 4761 1306 4806 esse,
1318 4746 1365 4796 ino.
1377 4745 1403 4794 A
