3454 5816
406 907 471 970 444
666 925 766 974 muas
789 925 832 973 44
854 925 926 974 rua
947 925 1188 976 sncuarsuors

238 1137 371 1202 Auispute
449 1115 490 1178 In
519 1115 614 1200 cujus
637 1115 770 1202 quidem
804 1115 1041 1202 archiepiscopi
1076 1121 1222 1201 tompore
1253 1135 1372 1202 magna
1394 1114 1462 1179 dis-

234 1205 362 1322 ffiffil
405 1217 515 1282 cordia
560 1217 648 1282 inter
686 1219 853 1302 quendam
900 1219 1097 1304 magistrum
1143 1218 1303 1283 Thomam
1348 1217 1462 1303 Dalby

235 1339 330 1386 dercon
343 1338 371 1389 of
404 1317 670 1384 archidiaconum
694 1319 890 1396 Richmund‚
915 1318 1022 1384 solum
1049 1321 1243 1386 canonicum
1264 1319 1459 1384 residentia·

235 1403 377 1520 ffihffissnd
405 1421 491 1483 rium
507 1420 650 1486 ecclesiae
667 1413 888 1498 Eboracensis,
904 1427 939 1486 44
961 1421 1029 1486 fere
1045 1443 1159 1487 omnes
1174 1421 1256 1488 alios
1272 1421 1459 1487 canonicos-

235 1537 374 1651 prebepda-
406 1521 634 1606 praebendatos
657 1522 693 1586 in
716 1523 830 1587 eadem
860 1521 998 1588 ecclesia
1021 1530 1139 1588 exorta
1160 1524 1237 1600 fuit,
1261 1530 1296 1588 44
1326 1521 1461 1588 duravit

235 1619 283 1652 11θῦ
295 1620 310 1651 0

235 1669 258 1718 Y
260 1669 315 1718 ork.
407 1623 575 1708 usquead
598 1629 737 1688 mortem
761 1624 841 1690 dicti
864 1625 1109 1711 archiepiscopi.

234 1761 310 1823 nrary
323 1761 365 1811 the
451 1725 638 1810 Eodemque
655 1747 749 1802 anno,
767 1725 924 1792 videlicet
941 1730 1036 1804 1514,
1052 1748 1164 1792 mense
1180 1727 1329 1803 Octobris,
1353 1727 1459 1792 Maria

235 1825 318 1902 linga
404 1849 493 1893 soror
516 1829 600 1914 regis
625 1828 762 1894 Henrici
786 1827 915 1906 Octavi,
938 1829 1029 1914 prius
1051 1829 1213 1896 archidux
1244 1829 1454 1915 Burgundiae,

234 1900 338 2008 iffi„
403 1929 439 1992 in
470 1951 606 1994 uxorem
633 1929 809 2016 praemissa,
831 1929 989 1997 maritata
1019 1930 1085 1996 fuit
1114 1931 1205 2017 apud
1219 1931 1353 2016 ’Amyas
1385 1931 1454 2017 regi

234 2025 391 2158 ffiggl'remh
404 2031 604 2100 Francorum
628 2031 815 2118 amaya}

582 2287 651 2373 [Da
673 2287 801 2352 Τ4444
823 2285 975 2352 Wousuu
998 2288 1294 2374 accuranscoro]

234 2493 347 2544 Thomas
450 2490 748 2578 Quinquagesimus
781 2489 949 2575 septimus
987 2488 1129 2555 Thomas
1168 2489 1312 2577 Wolsey,
1334 2492 1457 2556 artium

235 2560 390 2678 pppsepm
404 2593 567 2678 magister,
590 2593 679 2678 apud
702 2590 903 2677 Ipchwychc
936 2591 1104 2668 oriundus,
1128 2592 1255 2657 domini
1285 2593 1371 2680 regis
1393 2592 1456 2657 ele-

234 2717 329 2782 Biahop
341 2719 370 2768 of
403 2695 607 2772 mosinarius‚
625 2694 832 2779 decanusque
856 2691 1001 2760 ecclesiae
1025 2692 1252 2773 EboraccnsiS,
1276 2695 1313 2758 in
1335 2695 1458 2781 episco-

233 2783 348 2834 Lineoln.
403 2820 482 2883 pum
517 2796 652 2862 Lincoln
682 2796 868 2882 praefectus,
893 2801 928 2860 et
957 2793 1079 2862 abhinc
1110 2795 1153 2860 ad
1193 2796 1303 2861 sedem
1337 2801 1456 2861 matro-

401 2899 570 2985 politicam
601 2897 837 2964 Eboracensem
870 2897 1061 2974 translatus,
1087 2895 1181 2980 cujus
1215 2897 1316 2964 bullae
1348 2897 1456 2983 publi·

401 3007 483 3066 catae
515 3001 650 3066 fuerunt
683 2999 859 3065 Dominica
886 2998 1062 3064 Adventus
1095 2997 1242 3078 Domini,
1274 3000 1456 3085 penultimo

401 3104 454 3167 die
470 3102 677 3179 Novembris,
701 3121 788 3166 anno
813 3099 950 3164 Domini
968 3103 1064 3178 1519,
1087 3103 1174 3166 anno
1198 3101 1340 3167 secundo
1363 3123 1456 3189 papae

401 3205 528 3283 Leonis,
560 3211 594 3270 ct
627 3204 720 3290 regni
754 3202 841 3290 regis
874 3201 1011 3266 Henrici
1045 3200 1163 3267 Octavi
1198 3203 1265 3280 vi⁰.,
1295 3225 1334 3270 ac
1366 3224 1454 3269 anno

400 3313 557 3392 sequente
589 3306 762 3392 praefectus
785 3309 819 3369 44
844 3303 1043 3368 sublimatus
1066 3309 1117 3368 est
1149 3303 1185 3368 in
1208 3305 1453 3392 presbyterum·

400 3409 598 3475 cardinalem
622 3407 714 3473 tituli
747 3407 878 3472 Sanctae
902 3405 1042 3488 Occiliae,
1066 3426 1105 3472 ac
1135 3406 1237 3472 etiam
1269 3407 1305 3471 in
1327 3407 1454 3474 cancel-

326 3550 331 3562 ·
400 3511 520 3576 larium
553 3510 693 3596 Anglira
729 3530 768 3574 ac
799 3508 918 3573 deinde
942 3509 977 3571 in
1010 3507 1157 3593 legatum
1190 3529 1212 3574 a
1245 3507 1347 3574 latere
1379 3531 1452 3578 cum

400 3613 542 3699 quodam
558 3610 829 3678 reverendissimo
852 3613 945 3695 patre
962 3607 1140 3674 Laurentio
1158 3609 1324 3697 (lampage
1347 3612 1453 3678 cardi·

399 3715 468 3781 nali
495 3721 621 3781 erectus
645 3719 695 3778 est
724 3733 811 3778 anno
835 3710 970 3776 Domini
995 3714 1089 3777 1519.
1145 3711 1189 3776 Et
1215 3718 1304 3778 certa
1326 3717 1454 3780 statuta

399 3817 494 3882 cdere
518 3822 697 3904 coeperunt,
720 3815 778 3880 sed
800 3818 979 3898 antequam
1001 3817 1097 3878 erant
1119 3812 1215 3900 plene
1238 3814 1392 3880 ordinata
1415 3821 1450 3880 44

399 3925 546 3997 executa,
569 3919 678 3986 dictus
701 3917 855 3982 dominus
880 3914 1080 3980 Laurentius
1110 3915 1249 3984 Romam
1273 3916 1381 3996 rediit,
1417 3923 1452 3984 44

432 4176 439 4208 ¹
458 4175 489 4225 In
502 4175 535 4224 11.
544 4171 593 4224 this
602 4171 659 4223 Life
671 4170 692 4222 is
704 4186 732 4220 as
744 4169 843 4220 follows
857 4189 900 4220 :-
952 4169 1063 4220 decanus
1080 4167 1195 4219 ecclesia
1210 4167 1386 4230 Eboraccnsis,
1396 4177 1454 4232 post

397 4256 440 4306 Du
454 4255 651 4306 Cunrsrorano
666 4252 900 4308 Baunnruonnn·
951 4249 984 4297 44
1005 4247 1137 4298 ecclesiam
1166 4247 1366 4298 Dunelmanscm
1386 4264 1453 4300 anuo

459 4345 639 4384 cnrumsooro
655 4331 841 4380 1144444444.
951 4324 1055 4376 Domini
1076 4327 1272 4386 montaudun
1295 4327 1329 4377 ad
1347 4329 1453 4377 candem

431 4411 761 4475 Quinqungealmussoxtus
773 4415 899 4471 metropo-
951 4405 1012 4456 cccl.
1025 4405 1243 4469 cath.promotua.
1278 4405 1355 4457 Ultra
1372 4407 1453 4471 Alpes

397 4489 471 4540 liticae
480 4487 648 4539 Eboraceusis
662 4485 897 4548 (ecclcsiae)curam
949 4485 983 4534 ad
1000 4485 1097 4534 curiam
1114 4485 1257 4536 Romanam
1276 4485 1451 4547 necessitati

397 4568 462 4636 gerit
472 4567 642 4619 christoforus
650 4565 823 4631 Bayncbrigg‚
835 4564 898 4614 utri·
950 4563 1037 4614 lavore
1049 4563 1140 4612 summi
1153 4563 1325 4628 pontificisad
1336 4564 1452 4616 cardina·

397 4664 476 4712 usque
482 4647 683 4710 jurisdoctor,dc
690 4661 812 4708 generosa
820 4644 897 4708 stirpe
950 4643 1016 4690 lutus
1039 4641 1187 4707 dignitatem
1209 4649 1362 4706 assumptus,
1384 4641 1452 4694 idam

394 4729 470 4790 juxta
506 4727 626 4789 Applcby
653 4723 678 4772 in
708 4725 897 4774 Wastmorland
949 4721 1017 4770 diem
1030 4719 1122 4770 clausit
1133 4727 1286 4781 extremum,
1298 4729 1322 4771 et
1333 4721 1452 4786 sepelitur

395 4806 525 4867 oriundus,
535 4802 578 4870 qui
596 4809 681 4854 custos
692 4803 832 4853 rotulorum
851 4803 897 4852 do·
948 4815 1016 4852 4444
1043 4800 1148 4852 Domini
1177 4799 1218 4852 14⁰.
1249 4801 1452 4868 quingentesimo

394 4883 458 4938 mini
484 4884 551 4952 regis
586 4881 691 4958 Heurici
728 4881 843 4946 Septimi,
871 4888 896 4931 et
952 4881 964 4946 [
1066 4880 1089 4947 ].
