3538 5800
647 878 808 930 sucronr
832 879 1006 929 arnume.
1301 867 1343 930 13

286 1066 375 1126 terra
408 1061 558 1148 marique
592 1062 635 1128 ab
668 1063 759 1128 omni
796 1063 941 1149 periculo
981 1068 1149 1150 protectus
1187 1069 1245 1128 est.
1301 1066 1345 1129 Et

286 1161 384 1230 hilari
407 1163 515 1241 vultu,
537 1170 648 1230 mente
666 1165 812 1250 jocunda
834 1165 965 1230 Dofris¹
989 1167 1154 1252 appulsus,
1178 1163 1498 1252 exump109nreaeh·

286 1263 415 1350 ingenti
447 1269 498 1330 est
529 1263 639 1330 dolore
674 1265 849 1351 perculsus.
898 1266 998 1330 illum
1023 1265 1132 1345 enim,2
1155 1288 1252 1351 quem
1276 1289 1344 1353 prae
1354 1231 1500 1347 pagwpplver

286 1367 413 1431 caeteris
447 1366 570 1432 arctius
602 1367 770 1452 diligebat,
806 1368 900 1432 illum
935 1369 1028 1454 cujus
1060 1369 1199 1444 dulcem',
1226 1361 1470 1452 faciemh02‘50f

286 1487 354 1552 prae
404 1468 556 1533 omnibus
603 1468 716 1534 videre
764 1469 908 1546 sitiebat,
946 1469 1041 1534 illum
1079 1470 1131 1535 cni
1177 1469 1343 1535 adhaerere
1354 1429 1437 1555 ielis}

286 1573 517 1639 ardentissime
548 1574 686 1640 caritate
729 1574 891 1659 cupiebat,
925 1581 960 1640 et
993 1597 1014 1640 a
1047 1598 1112 1661 quo
1146 1598 1181 1640 se
1214 1577 1343 1641 tamdiu

287 1681 450 1740 remotum
472 1675 573 1740 fuisse
595 1697 664 1741 non
686 1676 757 1741 sine
779 1677 897 1762 grandi
919 1678 1075 1762 angustia
1096 1677 1203 1742 cordis
1224 1678 1343 1743 recole-

287 1775 354 1854 bat,
383 1778 455 1863 jam
489 1783 571 1844 tunc
601 1779 734 1844 noviter
764 1799 832 1842 non
863 1777 960 1843 modo
982 1779 1046 1844 sibi
1079 1780 1136 1844 sed
1168 1785 1202 1844 et
1224 1781 1342 1845 saeculo

288 1879 499 1966 exemptum³
520 1881 667 1958 audiens,
690 1879 775 1944 nulli
802 1881 990 1945 mirandum
1012 1882 1041 1945 si
1064 1881 1204 1947 dolebat.
1251 1882 1342 1948 Deus
1355 1894 1404 1946 His
1415 1897 1488 1962 grief.

286 1989 395 2048 meus!
418 2005 500 2069 quos
531 1983 674 2070 gemitus
706 1983 763 2048 ille
785 1983 876 2048 Tuus
907 1983 1061 2048 alumnus
1095 1984 1231 2050 adhaec
1254 2007 1341 2050 nova

286 2091 442 2170 putemus
464 2086 601 2150 emisitl
636 2085 718 2166 Quae
733 2085 874 2171 suspiria
889 2085 1017 2150 edidit?
1050 2085 1140 2165 Quas
1156 2086 1341 2172 lachrymas

286 2185 398 2252 fudit?
442 2185 524 2267 Qua
547 2185 620 2264 fuit,
644 2187 784 2264 obsecro,
807 2185 955 2252 confusio
978 2187 1081 2251 animi
1108 2189 1186 2273 ejus,
1211 2189 1342 2273 quando

287 2309 362 2352 eum
393 2309 453 2374 pro
487 2289 581 2373 cujus
612 2309 722 2354 amore
756 2310 794 2354 ac
827 2290 1013 2354 reverentia
1050 2311 1071 2354 a
1109 2289 1236 2355 cunctis
1273 2311 1342 2355 sese

286 2390 440 2476 amplecti
456 2390 557 2456 solere
573 2390 776 2468 meminerat,
788 2389 859 2475 jam
875 2390 911 2454 in
926 2394 1049 2456 terram
1072 2392 1341 2477 convertendum,

286 2513 307 2556 a
337 2491 564 2578 conspectibus
596 2491 743 2556 omnium
770 2491 943 2557 subterra
966 2492 1136 2557 detrusum
1159 2493 1342 2559 didicerat?

288 2593 369 2674 Quis
392 2615 512 2659 moeror
534 2591 699 2658 inditam4
721 2593 869 2679 piissimo
891 2593 1003 2657 vultui
1037 2593 1108 2678 ejus
1139 2593 1343 2660 hilaritatem

287 2696 448 2775 obduxit;
471 2696 602 2782 quando
634 2703 669 2761 et
690 2695 846 2782 Angliam
877 2697 972 2782 gravi
1007 2718 1145 2761 moerore
1177 2719 1236 2782 pro
1272 2698 1342 2782 ejus

286 2796 380 2861 obitu
412 2801 652 2863 consternatam
687 2797 839 2881 repperit,
862 2797 915 2862 cui
942 2797 1099 2861 nimirum
1122 2798 1229 2884 impar
1260 2821 1342 2864 moe-

286 2899 367 2964 roris
392 2899 482 2963 illius
515 2919 613 2964 causa
653 2897 743 2962 fuiti
788 2896 932 2962 Veniens
970 2897 1074 2984 igitur
1111 2897 1339 2978 Cantuariam,
1354 2915 1403 2966 His
1414 2917 1503 2968 lonen-

286 3001 343 3066 sed
377 3022 449 3066 eam
481 2999 654 3064 inveniens
686 3003 778 3084 patre
812 2999 972 3074 orbatam,
1003 3000 1085 3084 quid
1110 2999 1239 3078 feceret,
1275 3024 1340 3087 quo
1353 2998 1454 3098 ”gfff-¹¹

285 3124 431 3188 gressum
454 3102 608 3177 flecteret,
624 3100 744 3165 dubius
760 3099 865 3165 haesit.
911 3101 1039 3166 Auctus
1062 3101 1105 3166 ad
1127 3102 1198 3168 haec
1212 3103 1340 3190 lachry-
1353 3064 1473 3165 baiuli-⁸

285 3204 416 3268 mabilia
450 3203 548 3269 dolor.
596 3200 783 3266 ssli⁵enim
807 3201 962 3286 quicum
987 3203 1078 3288 prius
1109 3181 1425 3291 agnoveruntlblfl·

284 3307 357 3370 viso
399 3305 457 3370 illo
494 3326 536 3369 ex
573 3303 797 3370 recordatione
835 3303 983 3370 defrmoti
1021 3306 1125 3390 patris
1162 3307 1340 3394 lachrymis

286 3412 433 3472 manant.

330 3551 359 3613 9.
382 3547 585 3612 Praesidebat
618 3569 657 3612 ea
690 3552 886 3633 tempestate
918 3571 977 3634 per
1007 3571 1119 3615 curam
1143 3551 1240 3618 officii
1264 3575 1338 3640 pas·
1352 3572 1455 3624 Omra

284 3650 398 3715 toralia
436 3649 577 3715 ecclesiae
600 3649 863 3715 Dorcacestrensi
895 3651 1039 3745 quidam,
1078 3652 1256 3720 Oschetel⁷
1278 3677 1338 3721 no·
1351 3645 1482 3770 ffiffiffi

285 3752 381 3830 mine,
404 3753 502 3817 homo
537 3751 631 3816 bonae
653 3750 759 3828 famae,
783 3757 816 3816 et
843 3775 917 3836 quae
941 3775 1001 3818 sua
1023 3755 1204 3821 intererant
1226 3757 1336 3842 dispo·
1351 3769 1470 3819 hialim-

283 3873 360 3918 nere
382 3874 513 3939 gnarus.
560 3852 660 3917 Hunc
690 3852 743 3916 vir
763 3851 827 3916 Dei
863 3851 1043 3930 Oswaldua,
1068 3861 1184 3940 utpote
1216 3857 1279 3922 sibi
1302 3864 1337 3923 et
1350 3836 1471 3887 ¹¹¹²¹¹O⁸'

283 3955 389 4020 carnis
423 3954 709 4040 consanguinitate
739 3955 969 4040 propinquum,
994 3961 1029 4020 et
1060 3955 1160 4040 quia⁸
1192 3958 1338 4042 pollebat
1350 3902 1470 4019 &epm

283 4057 454 4141 sapientire
491 4055 563 4120 luce
602 4055 822 4141 conspicuum,
860 4056 901 4120 ad
940 4055 1196 4122 cohabitandum
1233 4034 1480 4151 adiit3¹flssssfigf

282 4158 404 4235 volens,
439 4157 540 4242 juxta
585 4156 801 4233 Salomonem,
846 4156 1025 4242 gradiendo
1071 4179 1145 4223 cum
1188 4161 1337 4246 sapiente
1349 4173 1397 4217 ter.

284 4259 462 4344 sapientior
501 4258 582 4337 fieri,
617 4279 684 4323 non
723 4279 765 4322 ex
803 4258 965 4323 consortio
1004 4257 1232 4344 insipientium
1270 4262 1337 4328 illis
1350 4245 1493 4362 {fflffil

316 4511 324 4542 ¹
342 4510 449 4576 Dosris]
464 4508 569 4570 deforis,
580 4510 610 4559 B.
867 4509 878 4542 ³
895 4507 958 4574 Illa]
974 4509 1011 4570 si,
1022 4509 1057 4560 A.

315 4589 326 4622 ²
342 4589 417 4655 enim]
433 4588 534 4649 etenim,
545 4590 580 4638 A.
868 4587 878 4620 ⁶
894 4589 1060 4656 aqnoverum]
1074 4604 1241 4657 agnoverant,
1254 4597 1289 4647 A.
1298 4598 1329 4649 B.

314 4667 326 4702 ³
342 4667 487 4733 amptum]
502 4669 657 4731 ademptum,
668 4667 702 4718 A.
715 4668 746 4718 Β.
866 4667 876 4706 ⁷
893 4667 1019 4736 catera]
1037 4672 1150 4735 onerer,
1161 4674 1195 4725 A.

314 4749 325 4780 ⁴
342 4745 458 4812 inditam]
472 4745 602 4812 inclytam,
613 4747 644 4796 B.
865 4746 876 4780 ⁸
893 4750 968 4817 qnia]
982 4766 1042 4816 qua,
1054 4751 1090 4802 A.
