3582 5798
654 901 814 952 ruoroaa
837 903 978 955 sanare.
1293 894 1333 956 81

283 1085 394 1148 tentes
435 1084 615 1162 benedixit,
654 1091 688 1152 et
725 1089 840 1153 statim
879 1089 973 1174 quasi
1011 1088 1154 1173 quodam
1191 1086 1335 1174 impulsu

283 1204 402 1250 manus
424 1186 649 1252 benedicentis
671 1189 782 1274 elapsa
797 1195 849 1255 est
870 1191 966 1256 navis
989 1213 1010 1254 a
1031 1190 1172 1276 gurgite,
1187 1191 1335 1276 miraque

283 1287 458 1354 velocitate
481 1291 517 1355 in
540 1291 729 1357 ulteriorem
755 1293 862 1378 ripam
897 1298 1011 1358 avecta
1045 1298 1103 1358 est.
1150 1293 1195 1360 Et
1216 1294 1336 1378 quibus

283 1389 383 1474 paulo
406 1397 484 1457 ante
506 1392 719 1459 intentabant
742 1395 853 1460 omnia
886 1399 1034 1472 mortem,
1067 1395 1207 1460 obtentu
1241 1395 1336 1460 Beati

286 1489 433 1557 Oswaldi
455 1493 546 1560 facta
580 1499 631 1560 est
664 1495 701 1560 in
740 1497 834 1582 aquis
866 1496 986 1561 validis
1017 1496 1074 1560 via
1096 1496 1166 1562 sine
1199 1497 1337 1582 impedi·
1462 1485 1463 1488 ¹

284 1599 404 1659 mento.
450 1594 609 1662 Videntes
625 1602 734 1662 autem
760 1599 866 1664 turbae
882 1597 1132 1685 magnificantes
1156 1598 1336 1663 Dominum

243 1775 246 1780 Ι
284 1693 320 1758 in
343 1715 404 1760 sua
425 1697 624 1763 remeabant.

309 1972 478 2056 ammodo
511 1975 674 2042 revocarat
712 1975 774 2142 abl
791 1974 917 2062 inserta
953 1973 1115 2041 animam
1152 1973 1312 2042 oanan

709 2078 762 2142 Ha
775 2077 894 2163 penaio.

328 2239 457 2306 Deinde
479 2240 685 2327 aliquamdiu
710 2241 830 2328 degens
861 2240 909 2305 ibi
941 2240 1029 2306 inter
1062 2241 1187 2320 fratres,
1210 2263 1335 2307 moram

284 2343 331 2408 eis
378 2365 437 2428 pro
474 2343 649 2408 dilectione
682 2344 777 2428 panis
815 2343 895 2408 vitae
934 2342 1088 2408 exhibuit
1124 2366 1184 2430 pro
1222 2343 1335 2412 officio.

224 2489 232 2514 ‚
286 2443 435 2524 Quadam
456 2450 568 2510 autem
592 2445 644 2510 die
667 2455 789 2509 nuntius
811 2454 930 2526 quidam
959 2473 977 2510 a
1009 2445 1167 2512 fratribus
1201 2446 1336 2512 Eliensis

187 2558 194 2570 ’
284 2534 426 2600 eeclesiae
449 2545 576 2600 directus
598 2544 766 2610 adveniens,
790 2534 991 2620 significavit
1014 2562 1105 2600 unum
1137 2564 1173 2601 ex
1207 2545 1268 2600 illis
1300 2545 1336 2600 da
1349 2537 1503 2594 Amonkof

115 3755 192 3807 Jona.
202 3755 237 3807 iii.
250 3761 274 3806 a.
287 3747 376 3812 intra
397 3769 431 3812 aa
456 3755 471 3780 ‘⁶
483 3745 568 3828 Quia
590 3746 650 3812 soit
673 3745 704 3811 ai
728 3754 941 3814 movenatur
970 3753 999 3812 et
1022 3745 1172 3832 ipaosoot
1194 3747 1286 3811 Deae

283 2634 407 2689 maceria
440 2634 568 2690 ecclesiae
603 2633 827 2706 praecipitatum,
851 2623 1061 2710 animamque
1094 2626 1204 2692 subito
1236 2625 1336 2691 exha·
1348 2609 1468 2725 fflffl

283 2725 374 2791 lasse.
422 2726 518 2807 Quod
541 2727 679 2792 audiens
702 2727 756 2790 vir
786 2726 859 2802 Dei,
890 2725 1003 2791 effusis
1026 2727 1208 2792 visceribus
1242 2727 1336 2791 indo·
1349 2741 1445 2820 aaaron
1455 2741 1506 2792 and

283 2827 349 2893 luit
370 2827 590 2906 vehementer,
614 2829 702 2914 quod
725 2829 798 2892 vita
819 2827 931 2892 fratris
968 2849 1037 2894 non
1059 2829 1140 2894 satis
1172 2808 1468 2896 commen-innuen.

284 2930 402 2995 dabilis
436 2935 506 2996 tam
529 2929 708 2995 miserabili
735 2929 800 2994 fine
835 2929 1043 2994 clauderetur
1055 2955 1063 3010 ;
1103 2952 1206 3016 eoque
1244 2929 1337 2995 dolor
1348 2899 1453 3016 {23:¹2³

283 3031 428 3096 invaluit
464 3031 615 3118 amplius,
649 3037 721 3096 tum
752 3032 831 3116 quia
864 3052 932 3097 non
961 3033 1073 3118 potuit
1095 3053 1162 3098 non
1193 3032 1336 3117 compati
1348 3030 1490 3110 ndifferent

284 3134 447 3214 defuncto,
485 3140 559 3200 tum
594 3134 672 3220 quia
705 3133 748 3199 ab
774 3133 890 3199 inferis
924 3134 1018 3200 nulla
1055 3141 1105 3200 est
1142 3135 1335 3222 redemptio.
1376 3113 1399 3149 ε’

284 3235 497 3322 Praesumpsit
519 3241 631 3302 autem
665 3237 706 3300 de
737 3237 959 3303 misericordia
984 3237 1056 3314 Dei,
1088 3236 1193 3302 sobrie
1225 3242 1338 3302 tamen

284 3340 439 3424 quoniam
463 3338 529 3419 Qui
551 3339 656 3424 legem
679 3339 780 3416 dedit,
802 3361 902 3426 supra
924 3361 996 3405 eam
1019 3340 1176 3426 operandi
1199 3339 1340 3404 retinuit

284 3446 490 3526 potestatem.
537 3441 689 3508 Contrito
712 3443 825 3527 itaque
848 3442 967 3528 spiritu
991 3447 1081 3508 totus
1105 3443 1141 3507 in
1175 3441 1337 3528 lacrymas
1351 3446 1454 3498 Orwald

285 3543 447 3608 resolutus
470 3543 582 3608 fundit
605 3565 723 3630 preces,
746 3543 977 3609 misericordiae
993 3544 1105 3630 pulsat
1127 3544 1170 3608 ad
1189 3544 1336 3628 januam,
1349 3515 1453 3630 {iffi

286 3665 326 3710 ne
349 3651 462 3730 pereat
484 3666 543 3730 pro
566 3666 631 3730 quo
655 3644 807 3710 Christus
830 3667 945 3732 passus
969 3652 1026 3710 est
1087 3645 1226 3711 Dicebat
1248 3646 1463 3764 animpffifor

287 3850 418 3916 Fratres
442 3849 543 3914 etiarn
566 3849 666 3914 simul
688 3849 844 3916 hortatur
866 3850 910 3916 ad
939 3871 1051 3936 preces
1086 3856 1126 3913 ut
1159 3849 1340 3935 persistant

282 3953 380 4039 juges
402 3952 439 4016 in
462 3951 593 4028 orando,
617 3957 651 4016 et
674 3953 792 4038 vigiles
815 3953 851 4016 in
882 3953 1059 4017 Missarum
1094 3950 1267 4017 sollemnia
1289 3971 1338 4014 oe-

286 4053 449 4121 lcbrando.
497 4053 614 4139 Neque
652 4055 755 4119 etiam
793 4061 915 4141 praeter
952 4055 1135 4120 utilitatem
1173 4052 1340 4138 propriam

287 4157 431 4222 vertitur
461 4155 619 4241 quicquid
651 4156 687 4220 in
710 4177 792 4242 opus
826 4156 962 4242 pietatis
999 4155 1103 4220 fuerit
1142 4153 1339 4220 exhibitum.

288 4259 363 4346 Ipse
386 4259 488 4325 etiam
510 4259 650 4324 antistes
672 4259 866 4325 immolabat
888 4281 947 4345 pro
979 4259 1092 4324 anima
1114 4257 1170 4335 ibi,
1205 4279 1265 4344 pro
1300 4279 1339 4323 ea

287 4361 434 4447 profluus
456 4361 494 4425 in
515 4361 678 4446 lacrymis,
701 4361 758 4426 ubi
782 4361 874 4426 Patri
905 4360 1011 4427 Filius
1034 4359 1231 4426 immolatur.
1278 4359 1339 4424 Fe-

287 4464 423 4528 rebatur
444 4463 533 4527 enim
556 4485 597 4528 ex
629 4484 718 4528 more
749 4468 844 4529 tanto
876 4463 981 4528 imbre
1013 4463 1233 4549 lacrymarum
1268 4483 1339 4546 per-

287 4565 383 4630 fundi
405 4565 442 4628 in
465 4565 693 4643 consecrando,
716 4565 804 4650 quod
840 4587 909 4630 non
937 4565 1008 4650 jam
1040 4565 1076 4628 in
1100 4585 1157 4630 ora
1190 4563 1339 4640 fluerent,

287 4669 345 4733 sed
383 4667 587 4732 inundarent
624 4667 660 4731 in
697 4672 819 4753 pectus.
880 4666 984 4752 Cujus
1021 4665 1070 4730 rei
1106 4670 1340 4752 argumentum

287 4791 392 4856 usque
429 4769 528 4835 hodie
566 4769 602 4833 in
640 4769 759 4835 casulis
790 4775 842 4834 est
880 4768 1000 4855 quibus
1038 4767 1137 4833 vivus
1175 4766 1338 4833 utebatur.

377 4883 472 4935 057⁵.
1182 4897 1203 4943 p
