<?xml version="1.0" encoding="UTF-8"?>
<!DOCTYPE html PUBLIC "-//W3C//DTD XHTML 1.0 Transitional//EN"
    "http://www.w3.org/TR/xhtml1/DTD/xhtml1-transitional.dtd">
<html xmlns="http://www.w3.org/1999/xhtml" xml:lang="en" lang="en">
 <head>
  <title>
</title>
<meta http-equiv="Content-Type" content="text/html;charset=utf-8" />
  <meta name='ocr-system' content='tesseract 3.04.00' />
  <meta name='ocr-capabilities' content='ocr_page ocr_carea ocr_par ocr_line ocrx_word'/>
</head>
<body>
  <div class='ocr_page' id='page_1' title='image "./historianschurc00raingoog/historianschurc00raingoog_0022.png"; bbox 0 0 3538 5800; ppageno 0'>
   <div class='ocr_carea' id='block_1_1' title="bbox 897 905 1062 958">
    <p class='ocr_par' dir='ltr' id='par_1_1' title="bbox 897 905 1062 958">
     <span class='ocr_line' id='line_1_1' title="bbox 897 905 1062 958; baseline 0.018 -3"><span class='ocrx_word' id='word_1_1' title='bbox 897 905 1062 958; x_wconf 70' lang='lat' dir='ltr'>Pnnrdcn.</span> 
     </span>
    </p>
   </div>
   <div class='ocr_carea' id='block_1_2' title="bbox 951 1129 1016 1196">
    <p class='ocr_par' dir='ltr' id='par_1_2' title="bbox 951 1129 1016 1196">
     <span class='ocr_line' id='line_1_2' title="bbox 951 1129 1016 1196; baseline 0.062 -4"><span class='ocrx_word' id='word_1_2' title='bbox 951 1129 1016 1196; x_wconf 91' lang='lat' dir='ltr'><strong>III.</strong></span> 
     </span>
    </p>
   </div>
   <div class='ocr_carea' id='block_1_3' title="bbox 447 1279 1507 2881">
    <p class='ocr_par' dir='ltr' id='par_1_3' title="bbox 447 1279 1507 2288">
     <span class='ocr_line' id='line_1_3' title="bbox 495 1279 1506 1369; baseline 0.002 -25"><span class='ocrx_word' id='word_1_3' title='bbox 495 1279 565 1345; x_wconf 82' lang='lat' dir='ltr'>The</span> <span class='ocrx_word' id='word_1_4' title='bbox 581 1287 669 1347; x_wconf 89' lang='lat' dir='ltr'>most</span> <span class='ocrx_word' id='word_1_5' title='bbox 684 1281 836 1348; x_wconf 81' lang='lat' dir='ltr'>volusble</span> <span class='ocrx_word' id='word_1_6' title='bbox 859 1282 1086 1369; x_wconf 75' lang='lat' dir='ltr'>biographicsl</span> <span class='ocrx_word' id='word_1_7' title='bbox 1109 1289 1197 1349; x_wconf 80' lang='lat' dir='ltr'>tract</span> <span class='ocrx_word' id='word_1_8' title='bbox 1218 1285 1255 1348; x_wconf 90' lang='lat' dir='ltr'>in</span> <span class='ocrx_word' id='word_1_9' title='bbox 1278 1284 1348 1349; x_wconf 84' lang='lat' dir='ltr'>this</span> <span class='ocrx_word' id='word_1_10' title='bbox 1373 1283 1506 1348; x_wconf 80' lang='lat' dir='ltr'>volume</span> 
     </span>
     <span class='ocr_line' id='line_1_4' title="bbox 451 1381 1507 1470; baseline 0 -24"><span class='ocrx_word' id='word_1_11' title='bbox 451 1381 552 1446; x_wconf 87' lang='lat' dir='ltr'>isthe</span> <span class='ocrx_word' id='word_1_12' title='bbox 568 1381 699 1470; x_wconf 89' lang='lat' dir='ltr'>history</span> <span class='ocrx_word' id='word_1_13' title='bbox 720 1385 759 1450; x_wconf 84' lang='lat' dir='ltr'>of</span> <span class='ocrx_word' id='word_1_14' title='bbox 780 1385 855 1450; x_wconf 88' lang='lat' dir='ltr'>four</span> <span class='ocrx_word' id='word_1_15' title='bbox 880 1385 1096 1470; x_wconf 80' lang='lat' dir='ltr'>archbishops</span> <span class='ocrx_word' id='word_1_16' title='bbox 1122 1385 1159 1452; x_wconf 88' lang='lat' dir='ltr'>of</span> <span class='ocrx_word' id='word_1_17' title='bbox 1184 1385 1288 1463; x_wconf 88' lang='lat' dir='ltr'>York‚</span> <span class='ocrx_word' id='word_1_18' title='bbox 1310 1384 1454 1451; x_wconf 79' lang='lat' dir='ltr'>Thomas</span> <span class='ocrx_word' id='word_1_19' title='bbox 1471 1384 1507 1461; x_wconf 93' lang='lat' dir='ltr'>l.,</span> 
     </span>
     <span class='ocr_line' id='line_1_5' title="bbox 451 1483 1505 1574; baseline 0.001 -26"><span class='ocrx_word' id='word_1_20' title='bbox 451 1483 585 1560; x_wconf 83' lang='lat' dir='ltr'>Gerard,</span> <span class='ocrx_word' id='word_1_21' title='bbox 601 1484 743 1552; x_wconf 78' lang='lat' dir='ltr'>Thomas</span> <span class='ocrx_word' id='word_1_22' title='bbox 753 1486 884 1562; x_wconf 84' lang='lat' dir='ltr'>II.‚snd</span> <span class='ocrx_word' id='word_1_23' title='bbox 900 1485 1080 1563; x_wconf 81' lang='lat' dir='ltr'>lhursten,</span> <span class='ocrx_word' id='word_1_24' title='bbox 1096 1486 1143 1573; x_wconf 93' lang='lat' dir='ltr'>by</span> <span class='ocrx_word' id='word_1_25' title='bbox 1156 1487 1263 1574; x_wconf 89' lang='lat' dir='ltr'>Hugh</span> <span class='ocrx_word' id='word_1_26' title='bbox 1273 1487 1331 1552; x_wconf 86' lang='lat' dir='ltr'>the</span> <span class='ocrx_word' id='word_1_27' title='bbox 1347 1485 1505 1562; x_wconf 69' lang='lat' dir='ltr'>(ibenter,</span> 
     </span>
     <span class='ocr_line' id='line_1_6' title="bbox 449 1585 1505 1676; baseline 0.001 -26"><span class='ocrx_word' id='word_1_28' title='bbox 449 1606 487 1650; x_wconf 91' lang='lat' dir='ltr'>or</span> <span class='ocrx_word' id='word_1_29' title='bbox 501 1585 687 1666; x_wconf 89' lang='lat' dir='ltr'>Precentor,</span> <span class='ocrx_word' id='word_1_30' title='bbox 711 1587 749 1652; x_wconf 82' lang='lat' dir='ltr'>ol</span> <span class='ocrx_word' id='word_1_31' title='bbox 771 1585 876 1664; x_wconf 89' lang='lat' dir='ltr'>York‚</span> <span class='ocrx_word' id='word_1_32' title='bbox 891 1587 1003 1654; x_wconf 87' lang='lat' dir='ltr'><strong>which</strong></span> <span class='ocrx_word' id='word_1_33' title='bbox 1027 1588 1057 1652; x_wconf 92' lang='lat' dir='ltr'>is</span> <span class='ocrx_word' id='word_1_34' title='bbox 1081 1609 1158 1653; x_wconf 89' lang='lat' dir='ltr'>now</span> <span class='ocrx_word' id='word_1_35' title='bbox 1181 1588 1316 1676; x_wconf 75' lang='lat' dir='ltr'>printed</span> <span class='ocrx_word' id='word_1_36' title='bbox 1337 1588 1373 1651; x_wconf 89' lang='lat' dir='ltr'>in</span> <span class='ocrx_word' id='word_1_37' title='bbox 1389 1588 1433 1651; x_wconf 84' lang='lat' dir='ltr'>its</span> <span class='ocrx_word' id='word_1_38' title='bbox 1449 1607 1505 1652; x_wconf 90' lang='lat' dir='ltr'>en·</span> 
     </span>
     <span class='ocr_line' id='line_1_7' title="bbox 449 1687 1505 1776; baseline -0.001 -23"><span class='ocrx_word' id='word_1_39' title='bbox 449 1688 553 1776; x_wconf 86' lang='lat' dir='ltr'>tirety</span> <span class='ocrx_word' id='word_1_40' title='bbox 567 1690 618 1756; x_wconf 88' lang='lat' dir='ltr'>for</span> <span class='ocrx_word' id='word_1_41' title='bbox 633 1689 690 1755; x_wconf 90' lang='lat' dir='ltr'>the</span> <span class='ocrx_word' id='word_1_42' title='bbox 713 1689 787 1754; x_wconf 87' lang='lat' dir='ltr'>first</span> <span class='ocrx_word' id='word_1_43' title='bbox 809 1689 899 1754; x_wconf 91' lang='lat' dir='ltr'>time.</span> <span class='ocrx_word' id='word_1_44' title='bbox 945 1687 1016 1754; x_wconf 87' lang='lat' dir='ltr'>The</span> <span class='ocrx_word' id='word_1_45' title='bbox 1033 1689 1149 1754; x_wconf 80' lang='lat' dir='ltr'>writer</span> <span class='ocrx_word' id='word_1_46' title='bbox 1172 1689 1210 1756; x_wconf 88' lang='lat' dir='ltr'>of</span> <span class='ocrx_word' id='word_1_47' title='bbox 1232 1689 1291 1754; x_wconf 88' lang='lat' dir='ltr'>the</span> <span class='ocrx_word' id='word_1_48' title='bbox 1312 1690 1388 1754; x_wconf 90' lang='lat' dir='ltr'>first</span> <span class='ocrx_word' id='word_1_49' title='bbox 1402 1687 1505 1754; x_wconf 83' lang='lat' dir='ltr'>Chro-</span> 
     </span>
     <span class='ocr_line' id='line_1_8' title="bbox 447 1788 1504 1878; baseline -0.001 -24"><span class='ocrx_word' id='word_1_50' title='bbox 447 1789 551 1857; x_wconf 88' lang='lat' dir='ltr'>nicles</span> <span class='ocrx_word' id='word_1_51' title='bbox 566 1791 604 1858; x_wconf 88' lang='lat' dir='ltr'>of</span> <span class='ocrx_word' id='word_1_52' title='bbox 623 1791 682 1856; x_wconf 88' lang='lat' dir='ltr'>the</span> <span class='ocrx_word' id='word_1_53' title='bbox 697 1790 923 1878; x_wconf 84' lang='lat' dir='ltr'>Archbishops</span> <span class='ocrx_word' id='word_1_54' title='bbox 947 1789 1068 1876; x_wconf 77' lang='lat' dir='ltr'>speaks</span> <span class='ocrx_word' id='word_1_55' title='bbox 1094 1789 1132 1856; x_wconf 85' lang='lat' dir='ltr'>of</span> <span class='ocrx_word' id='word_1_56' title='bbox 1153 1790 1267 1878; x_wconf 84' lang='lat' dir='ltr'>Hugh,</span> <span class='ocrx_word' id='word_1_57' title='bbox 1284 1795 1320 1856; x_wconf 92' lang='lat' dir='ltr'>to</span> <span class='ocrx_word' id='word_1_58' title='bbox 1336 1789 1447 1856; x_wconf 89' lang='lat' dir='ltr'>whom</span> <span class='ocrx_word' id='word_1_59' title='bbox 1462 1788 1504 1854; x_wconf 90' lang='lat' dir='ltr'>he</span> 
     </span>
     <span class='ocr_line' id='line_1_9' title="bbox 449 1892 1505 1980; baseline -0.001 -24"><span class='ocrx_word' id='word_1_60' title='bbox 449 1914 518 1958; x_wconf 83' lang='lat' dir='ltr'>wss</span> <span class='ocrx_word' id='word_1_61' title='bbox 546 1893 677 1980; x_wconf 82' lang='lat' dir='ltr'>greatly</span> <span class='ocrx_word' id='word_1_62' title='bbox 707 1892 875 1970; x_wconf 85' lang='lat' dir='ltr'>indebtod,</span> <span class='ocrx_word' id='word_1_63' title='bbox 904 1912 942 1958; x_wconf 81' lang='lat' dir='ltr'>ss</span> <span class='ocrx_word' id='word_1_64' title='bbox 973 1892 1065 1957; x_wconf 87' lang='lat' dir='ltr'>“Vir</span> <span class='ocrx_word' id='word_1_65' title='bbox 1100 1892 1310 1960; x_wconf 75' lang='lat' dir='ltr'>admirabilis</span> <span class='ocrx_word' id='word_1_66' title='bbox 1341 1898 1376 1958; x_wconf 85' lang='lat' dir='ltr'>et</span> <span class='ocrx_word' id='word_1_67' title='bbox 1406 1893 1505 1978; x_wconf 84' lang='lat' dir='ltr'><strong>digne</strong></span> 
     </span>
     <span class='ocr_line' id='line_1_10' title="bbox 449 1994 1505 2081; baseline 0 -21"><span class='ocrx_word' id='word_1_68' title='bbox 449 1995 712 2062; x_wconf 79' lang='lat' dir='ltr'>“memorabilis</span> <span class='ocrx_word' id='word_1_69' title='bbox 738 1994 886 2081; x_wconf 88' lang='lat' dir='ltr'>ejusdem</span> <span class='ocrx_word' id='word_1_70' title='bbox 913 1995 1055 2062; x_wconf 79' lang='lat' dir='ltr'>ecclesius</span> <span class='ocrx_word' id='word_1_71' title='bbox 1081 1995 1211 2062; x_wconf 79' lang='lat' dir='ltr'>Cantor</span> <span class='ocrx_word' id='word_1_72' title='bbox 1234 2047 1240 2061; x_wconf 92' lang='lat'><strong>.</strong></span> <span class='ocrx_word' id='word_1_73' title='bbox 1266 2045 1273 2062; x_wconf 92' lang='lat'><strong>.</strong></span> <span class='ocrx_word' id='word_1_74' title='bbox 1298 2047 1305 2063; x_wconf 91' lang='lat'><strong>.</strong></span> <span class='ocrx_word' id='word_1_75' title='bbox 1329 1994 1428 2060; x_wconf 91' lang='lat' dir='ltr'>homo</span> <span class='ocrx_word' id='word_1_76' title='bbox 1448 2018 1505 2060; x_wconf 87' lang='lat' dir='ltr'>ve·</span> 
     </span>
     <span class='ocr_line' id='line_1_11' title="bbox 448 2097 1504 2184; baseline 0.001 -23"><span class='ocrx_word' id='word_1_77' title='bbox 448 2103 467 2134; x_wconf 89' lang='lat'><strong>“</strong></span> <span class='ocrx_word' id='word_1_78' title='bbox 489 2097 645 2164; x_wconf 77' lang='lat' dir='ltr'>nersndae</span> <span class='ocrx_word' id='word_1_79' title='bbox 665 2097 776 2164; x_wconf 78' lang='lat' dir='ltr'>aetstis</span> <span class='ocrx_word' id='word_1_80' title='bbox 803 2101 838 2163; x_wconf 90' lang='lat' dir='ltr'>et</span> <span class='ocrx_word' id='word_1_81' title='bbox 859 2097 1014 2183; x_wconf 87' lang='lat' dir='ltr'>jocundse</span> <span class='ocrx_word' id='word_1_82' title='bbox 1040 2097 1255 2176; x_wconf 71' lang='lat' dir='ltr'>urbanitatis,</span> <span class='ocrx_word' id='word_1_83' title='bbox 1271 2098 1313 2164; x_wconf 88' lang='lat' dir='ltr'>de</span> <span class='ocrx_word' id='word_1_84' title='bbox 1337 2119 1403 2184; x_wconf 90' lang='lat' dir='ltr'>quo</span> <span class='ocrx_word' id='word_1_85' title='bbox 1428 2119 1504 2163; x_wconf 87' lang='lat' dir='ltr'>vere</span> 
     </span>
     <span class='ocr_line' id='line_1_12' title="bbox 450 2201 697 2288; baseline 0.004 -23"><span class='ocrx_word' id='word_1_86' title='bbox 450 2204 469 2234; x_wconf 89' lang='lat'><strong>“</strong></span> <span class='ocrx_word' id='word_1_87' title='bbox 491 2201 557 2268; x_wconf 91' lang='lat' dir='ltr'>dici</span> <span class='ocrx_word' id='word_1_88' title='bbox 580 2205 697 2288; x_wconf 78' lang='lat' dir='ltr'>potest</span> 
     </span>
    </p>

    <p class='ocr_par' dir='ltr' id='par_1_4' title="bbox 495 2302 1380 2384">
     <span class='ocr_line' id='line_1_13' title="bbox 495 2302 1380 2384; baseline 0 -16"><span class='ocrx_word' id='word_1_89' title='bbox 495 2309 513 2338; x_wconf 89' lang='lat'><strong>“</strong></span> <span class='ocrx_word' id='word_1_90' title='bbox 530 2303 596 2384; x_wconf 85' lang='lat' dir='ltr'>Qui</span> <span class='ocrx_word' id='word_1_91' title='bbox 611 2323 717 2369; x_wconf 87' lang='lat' dir='ltr'>mores</span> <span class='ocrx_word' id='word_1_92' title='bbox 731 2302 904 2369; x_wconf 90' lang='lat' dir='ltr'>hominum</span> <span class='ocrx_word' id='word_1_93' title='bbox 919 2302 1102 2369; x_wconf 91' lang='lat' dir='ltr'>multorum</span> <span class='ocrx_word' id='word_1_94' title='bbox 1119 2302 1209 2369; x_wconf 88' lang='lat' dir='ltr'>vidit</span> <span class='ocrx_word' id='word_1_95' title='bbox 1224 2306 1256 2368; x_wconf 84' lang='lat' dir='ltr'>et</span> <span class='ocrx_word' id='word_1_96' title='bbox 1274 2302 1380 2369; x_wconf 87' lang='lat' dir='ltr'>urbes.</span> 
     </span>
    </p>

    <p class='ocr_par' dir='ltr' id='par_1_5' title="bbox 448 2403 1505 2881">
     <span class='ocr_line' id='line_1_14' title="bbox 494 2403 1504 2491; baseline -0.001 -22"><span class='ocrx_word' id='word_1_97' title='bbox 494 2411 511 2440; x_wconf 88' lang='lat'><strong>“</strong></span> <span class='ocrx_word' id='word_1_98' title='bbox 529 2403 659 2491; x_wconf 81' lang='lat' dir='ltr'>Quique</span> <span class='ocrx_word' id='word_1_99' title='bbox 675 2425 750 2472; x_wconf 92' lang='lat' dir='ltr'>cum</span> <span class='ocrx_word' id='word_1_100' title='bbox 773 2453 780 2470; x_wconf 93' lang='lat'><strong>.</strong></span> <span class='ocrx_word' id='word_1_101' title='bbox 807 2453 815 2470; x_wconf 93' lang='lat'><strong>.</strong></span> <span class='ocrx_word' id='word_1_102' title='bbox 838 2455 845 2470; x_wconf 90' lang='lat'>.</span> <span class='ocrx_word' id='word_1_103' title='bbox 868 2404 995 2470; x_wconf 81' lang='lat' dir='ltr'>Thomu</span> <span class='ocrx_word' id='word_1_104' title='bbox 1010 2404 1149 2482; x_wconf 85' lang='lat' dir='ltr'>seniore,</span> <span class='ocrx_word' id='word_1_105' title='bbox 1164 2409 1199 2470; x_wconf 85' lang='lat' dir='ltr'>et</span> <span class='ocrx_word' id='word_1_106' title='bbox 1212 2405 1363 2483; x_wconf 83' lang='lat' dir='ltr'>Girerdo,</span> <span class='ocrx_word' id='word_1_107' title='bbox 1378 2403 1504 2469; x_wconf 82' lang='lat' dir='ltr'>Thomu</span> 
     </span>
     <span class='ocr_line' id='line_1_15' title="bbox 450 2507 1503 2593; baseline -0.001 -21"><span class='ocrx_word' id='word_1_108' title='bbox 450 2515 467 2542; x_wconf 90' lang='lat'><strong>“</strong></span> <span class='ocrx_word' id='word_1_109' title='bbox 484 2507 627 2593; x_wconf 87' lang='lat' dir='ltr'>juniore,</span> <span class='ocrx_word' id='word_1_110' title='bbox 642 2513 677 2573; x_wconf 87' lang='lat' dir='ltr'>et</span> <span class='ocrx_word' id='word_1_111' title='bbox 693 2507 858 2584; x_wconf 76' lang='lat' dir='ltr'>Turstino</span> <span class='ocrx_word' id='word_1_112' title='bbox 875 2507 1079 2573; x_wconf 76' lang='lat' dir='ltr'>necessarius</span> <span class='ocrx_word' id='word_1_113' title='bbox 1103 2513 1174 2573; x_wconf 82' lang='lat' dir='ltr'>tem</span> <span class='ocrx_word' id='word_1_114' title='bbox 1195 2509 1231 2572; x_wconf 92' lang='lat' dir='ltr'>in</span> <span class='ocrx_word' id='word_1_115' title='bbox 1254 2507 1389 2573; x_wconf 83' lang='lat' dir='ltr'>Divinis</span> <span class='ocrx_word' id='word_1_116' title='bbox 1404 2527 1503 2592; x_wconf 81' lang='lat' dir='ltr'>quom</span> 
     </span>
     <span class='ocr_line' id='line_1_16' title="bbox 449 2607 1505 2694; baseline -0.004 -18"><span class='ocrx_word' id='word_1_117' title='bbox 449 2611 526 2676; x_wconf 89' lang='lat' dir='ltr'>“in</span> <span class='ocrx_word' id='word_1_118' title='bbox 558 2610 713 2676; x_wconf 82' lang='lat' dir='ltr'>humenis</span> <span class='ocrx_word' id='word_1_119' title='bbox 751 2607 951 2675; x_wconf 73' lang='lat' dir='ltr'>tractatibus</span> <span class='ocrx_word' id='word_1_120' title='bbox 981 2607 1189 2674; x_wconf 76' lang='lat' dir='ltr'>consiliarius</span> <span class='ocrx_word' id='word_1_121' title='bbox 1219 2609 1326 2674; x_wconf 90' lang='lat' dir='ltr'>multo</span> <span class='ocrx_word' id='word_1_122' title='bbox 1357 2614 1505 2694; x_wconf 84' lang='lat' dir='ltr'>tempore</span> 
     </span>
     <span class='ocr_line' id='line_1_17' title="bbox 449 2709 1504 2796; baseline -0.006 -16"><span class='ocrx_word' id='word_1_123' title='bbox 449 2723 466 2750; x_wconf 91' lang='lat'>“</span> <span class='ocrx_word' id='word_1_124' title='bbox 488 2717 701 2780; x_wconf 79' lang='lat' dir='ltr'>conversatus</span> <span class='ocrx_word' id='word_1_125' title='bbox 732 2715 792 2789; x_wconf 86' lang='lat' dir='ltr'>est,</span> <span class='ocrx_word' id='word_1_126' title='bbox 822 2709 1022 2796; x_wconf 80' lang='lat' dir='ltr'>quibusdem</span> <span class='ocrx_word' id='word_1_127' title='bbox 1054 2710 1156 2776; x_wconf 82' lang='lat' dir='ltr'>etium</span> <span class='ocrx_word' id='word_1_128' title='bbox 1187 2731 1301 2776; x_wconf 85' lang='lat' dir='ltr'>comm</span> <span class='ocrx_word' id='word_1_129' title='bbox 1328 2709 1504 2795; x_wconf 80' lang='lat' dir='ltr'>usquead</span> 
     </span>
     <span class='ocr_line' id='line_1_18' title="bbox 448 2811 1125 2881; baseline -0.007 0"><span class='ocrx_word' id='word_1_130' title='bbox 448 2824 465 2851; x_wconf 91' lang='lat'><em>“</em></span> <span class='ocrx_word' id='word_1_131' title='bbox 488 2820 629 2881; x_wconf 90' lang='lat' dir='ltr'>mortem</span> <span class='ocrx_word' id='word_1_132' title='bbox 651 2833 759 2880; x_wconf 87' lang='lat' dir='ltr'>comes</span> <span class='ocrx_word' id='word_1_133' title='bbox 782 2811 879 2877; x_wconf 84' lang='lat' dir='ltr'>haesit</span> <span class='ocrx_word' id='word_1_134' title='bbox 901 2811 1125 2878; x_wconf 88' lang='lat' dir='ltr'>individuus.’&#39;</span> 
     </span>
    </p>
   </div>
   <div class='ocr_carea' id='block_1_4' title="bbox 494 2911 1509 3002">
    <p class='ocr_par' dir='ltr' id='par_1_6' title="bbox 494 2911 1509 3002">
     <span class='ocr_line' id='line_1_19' title="bbox 494 2911 1509 3002; baseline -0.006 -19"><span class='ocrx_word' id='word_1_135' title='bbox 494 2918 626 3002; x_wconf 85' lang='lat' dir='ltr'>Among</span> <span class='ocrx_word' id='word_1_136' title='bbox 640 2914 698 2980; x_wconf 87' lang='lat' dir='ltr'>the</span> <span class='ocrx_word' id='word_1_137' title='bbox 722 2913 927 2978; x_wconf 79' lang='lat' dir='ltr'>munimento</span> <span class='ocrx_word' id='word_1_138' title='bbox 953 2913 992 2978; x_wconf 88' lang='lat' dir='ltr'>of</span> <span class='ocrx_word' id='word_1_139' title='bbox 1012 2912 1070 2978; x_wconf 89' lang='lat' dir='ltr'>the</span> <span class='ocrx_word' id='word_1_140' title='bbox 1093 2913 1189 2978; x_wconf 85' lang='lat' dir='ltr'>Desn</span> <span class='ocrx_word' id='word_1_141' title='bbox 1214 2913 1280 2978; x_wconf 83' lang='lat' dir='ltr'>and</span> <span class='ocrx_word' id='word_1_142' title='bbox 1304 2911 1451 2998; x_wconf 83' lang='lat' dir='ltr'>Chapter</span> <span class='ocrx_word' id='word_1_143' title='bbox 1471 2913 1509 2978; x_wconf 89' lang='lat' dir='ltr'>of</span> 
     </span>
    </p>
   </div>
   <div class='ocr_carea' id='block_1_5' title="bbox 448 3013 1504 3101">
    <p class='ocr_par' dir='ltr' id='par_1_7' title="bbox 448 3013 1504 3101">
     <span class='ocr_line' id='line_1_20' title="bbox 448 3013 1504 3101; baseline -0.009 -14"><span class='ocrx_word' id='word_1_144' title='bbox 448 3019 600 3087; x_wconf 82' lang='lat' dir='ltr'>Durhsm</span> <span class='ocrx_word' id='word_1_145' title='bbox 630 3016 689 3082; x_wconf 88' lang='lat' dir='ltr'>the</span> <span class='ocrx_word' id='word_1_146' title='bbox 720 3014 893 3101; x_wconf 83' lang='lat' dir='ltr'>following</span> <span class='ocrx_word' id='word_1_147' title='bbox 923 3013 1078 3081; x_wconf 83' lang='lat' dir='ltr'>velueblc</span> <span class='ocrx_word' id='word_1_148' title='bbox 1109 3014 1287 3080; x_wconf 88' lang='lat' dir='ltr'>document</span> <span class='ocrx_word' id='word_1_149' title='bbox 1310 3015 1339 3079; x_wconf 90' lang='lat' dir='ltr'>is</span> <span class='ocrx_word' id='word_1_150' title='bbox 1366 3013 1504 3101; x_wconf 86' lang='lat' dir='ltr'>hsppily</span> 
     </span>
    </p>
   </div>
   <div class='ocr_carea' id='block_1_6' title="bbox 447 3119 1502 3305">
    <p class='ocr_par' dir='ltr' id='par_1_8' title="bbox 447 3119 1502 3305">
     <span class='ocr_line' id='line_1_21' title="bbox 447 3119 1502 3305; baseline -0.004 -17"><span class='ocrx_word' id='word_1_151' title='bbox 447 3119 715 3288; x_wconf 49' lang='lat' dir='ltr'>prlllldrldrsbili</span> <span class='ocrx_word' id='word_1_152' title='bbox 731 3218 827 3284; x_wconf 80' lang='lat' dir='ltr'>fratri</span> <span class='ocrx_word' id='word_1_153' title='bbox 843 3218 971 3305; x_wconf 82' lang='lat' dir='ltr'>Rogero</span> <span class='ocrx_word' id='word_1_154' title='bbox 987 3216 1095 3282; x_wconf 86' lang='lat' dir='ltr'>Priori</span> <span class='ocrx_word' id='word_1_155' title='bbox 1112 3223 1146 3284; x_wconf 90' lang='lat' dir='ltr'>et</span> <span class='ocrx_word' id='word_1_156' title='bbox 1160 3216 1355 3284; x_wconf 86' lang='lat' dir='ltr'>Reverendo</span> <span class='ocrx_word' id='word_1_157' title='bbox 1371 3216 1502 3284; x_wconf 80' lang='lat' dir='ltr'>Senctae</span> 
     </span>
    </p>
   </div>
   <div class='ocr_carea' id='block_1_7' title="bbox 443 3317 1506 4838">
    <p class='ocr_par' dir='ltr' id='par_1_9' title="bbox 443 3317 1506 4838">
     <span class='ocr_line' id='line_1_22' title="bbox 450 3317 1503 3404; baseline -0.009 -13"><span class='ocrx_word' id='word_1_158' title='bbox 450 3334 467 3362; x_wconf 88' lang='lat'><strong><em>“</em></strong></span> <span class='ocrx_word' id='word_1_159' title='bbox 488 3321 723 3390; x_wconf 85' lang='lat' dir='ltr'>Dunelmensis</span> <span class='ocrx_word' id='word_1_160' title='bbox 760 3319 903 3386; x_wconf 85' lang='lat' dir='ltr'>ecclesiee</span> <span class='ocrx_word' id='word_1_161' title='bbox 941 3319 1120 3384; x_wconf 87' lang='lat' dir='ltr'>conventui</span> <span class='ocrx_word' id='word_1_162' title='bbox 1155 3317 1256 3404; x_wconf 84' lang='lat' dir='ltr'>Hugo</span> <span class='ocrx_word' id='word_1_163' title='bbox 1288 3317 1503 3384; x_wconf 81' lang='lat' dir='ltr'>Eboraconsis</span> 
     </span>
     <span class='ocr_line' id='line_1_23' title="bbox 449 3417 1502 3494; baseline -0.011 0"><span class='ocrx_word' id='word_1_164' title='bbox 449 3436 466 3464; x_wconf 87' lang='lat'><strong>“</strong></span> <span class='ocrx_word' id='word_1_165' title='bbox 489 3425 614 3494; x_wconf 84' lang='lat' dir='ltr'>eclesiae</span> <span class='ocrx_word' id='word_1_166' title='bbox 648 3421 774 3488; x_wconf 75' lang='lat' dir='ltr'>(lenior</span> <span class='ocrx_word' id='word_1_167' title='bbox 800 3425 836 3486; x_wconf 87' lang='lat' dir='ltr'>et</span> <span class='ocrx_word' id='word_1_168' title='bbox 861 3417 1124 3486; x_wconf 80' lang='lat' dir='ltr'>Archidieconus</span> <span class='ocrx_word' id='word_1_169' title='bbox 1150 3419 1258 3484; x_wconf 89' lang='lat' dir='ltr'>sicin</span> <span class='ocrx_word' id='word_1_170' title='bbox 1284 3418 1407 3483; x_wconf 83' lang='lat' dir='ltr'>militis</span> <span class='ocrx_word' id='word_1_171' title='bbox 1438 3417 1502 3484; x_wconf 87' lang='lat' dir='ltr'>Dei</span> 
     </span>
     <span class='ocr_line' id='line_1_24' title="bbox 449 3520 1499 3612; baseline -0.01 -15"><span class='ocrx_word' id='word_1_172' title='bbox 449 3537 466 3566; x_wconf 88' lang='lat'><strong>“</strong></span> <span class='ocrx_word' id='word_1_173' title='bbox 488 3549 618 3598; x_wconf 84' lang='lat' dir='ltr'>currere</span> <span class='ocrx_word' id='word_1_174' title='bbox 639 3547 697 3612; x_wconf 88' lang='lat' dir='ltr'>per</span> <span class='ocrx_word' id='word_1_175' title='bbox 719 3523 821 3609; x_wconf 86' lang='lat' dir='ltr'>hujus</span> <span class='ocrx_word' id='word_1_176' title='bbox 836 3522 918 3589; x_wconf 82' lang='lat' dir='ltr'>vitoe</span> <span class='ocrx_word' id='word_1_177' title='bbox 943 3521 1093 3588; x_wconf 79' lang='lat' dir='ltr'>studium·</span> <span class='ocrx_word' id='word_1_178' title='bbox 1111 3527 1151 3586; x_wconf 88' lang='lat' dir='ltr'>ut</span> <span class='ocrx_word' id='word_1_179' title='bbox 1177 3520 1310 3588; x_wconf 86' lang='lat' dir='ltr'>milicise</span> <span class='ocrx_word' id='word_1_180' title='bbox 1336 3543 1405 3586; x_wconf 85' lang='lat' dir='ltr'>susc</span> <span class='ocrx_word' id='word_1_181' title='bbox 1429 3521 1499 3588; x_wconf 84' lang='lat' dir='ltr'>bre·</span> 
     </span>
     <span class='ocr_line' id='line_1_25' title="bbox 447 3623 1503 3715; baseline -0.01 -14"><span class='ocrx_word' id='word_1_182' title='bbox 447 3643 466 3673; x_wconf 90' lang='lat'><strong>“</strong></span> <span class='ocrx_word' id='word_1_183' title='bbox 488 3634 582 3700; x_wconf 87' lang='lat' dir='ltr'>vium</span> <span class='ocrx_word' id='word_1_184' title='bbox 597 3628 762 3715; x_wconf 74' lang='lat' dir='ltr'>ascipiunt</span> <span class='ocrx_word' id='word_1_185' title='bbox 776 3631 909 3692; x_wconf 84' lang='lat' dir='ltr'>aeternse</span> <span class='ocrx_word' id='word_1_186' title='bbox 929 3623 1043 3711; x_wconf 79' lang='lat' dir='ltr'>glories</span> <span class='ocrx_word' id='word_1_187' title='bbox 1065 3624 1247 3710; x_wconf 83' lang='lat' dir='ltr'>proemium.</span> <span class='ocrx_word' id='word_1_188' title='bbox 1294 3623 1348 3688; x_wconf 87' lang='lat' dir='ltr'>Ex</span> <span class='ocrx_word' id='word_1_189' title='bbox 1362 3623 1503 3711; x_wconf 81' lang='lat' dir='ltr'>antiqua</span> 
     </span>
     <span class='ocr_line' id='line_1_26' title="bbox 448 3724 1506 3812; baseline -0.012 -8"><span class='ocrx_word' id='word_1_190' title='bbox 448 3747 465 3774; x_wconf 83' lang='lat'>‘⁴</span> <span class='ocrx_word' id='word_1_191' title='bbox 487 3731 726 3804; x_wconf 87' lang='lat' dir='ltr'>consuetudine</span> <span class='ocrx_word' id='word_1_192' title='bbox 756 3727 850 3794; x_wconf 84' lang='lat' dir='ltr'>nullo</span> <span class='ocrx_word' id='word_1_193' title='bbox 871 3726 1086 3812; x_wconf 75' lang='lat' dir='ltr'>parrochialis</span> <span class='ocrx_word' id='word_1_194' title='bbox 1110 3725 1227 3792; x_wconf 83' lang='lat' dir='ltr'>eclesia</span> <span class='ocrx_word' id='word_1_195' title='bbox 1255 3724 1419 3791; x_wconf 82' lang='lat' dir='ltr'>reddebat</span> <span class='ocrx_word' id='word_1_196' title='bbox 1446 3745 1506 3812; x_wconf 91' lang='lat' dir='ltr'>pe·</span> 
     </span>
     <span class='ocr_line' id='line_1_27' title="bbox 448 3826 1503 3914; baseline -0.012 -11"><span class='ocrx_word' id='word_1_197' title='bbox 448 3849 466 3878; x_wconf 77' lang='lat'>‘⁶</span> <span class='ocrx_word' id='word_1_198' title='bbox 490 3833 673 3904; x_wconf 83' lang='lat' dir='ltr'>cunisriem</span> <span class='ocrx_word' id='word_1_199' title='bbox 711 3827 984 3898; x_wconf 77' lang='lat' dir='ltr'>consuetudinem</span> <span class='ocrx_word' id='word_1_200' title='bbox 1027 3827 1183 3894; x_wconf 82' lang='lat' dir='ltr'>Eborecoe</span> <span class='ocrx_word' id='word_1_201' title='bbox 1225 3826 1400 3914; x_wconf 89' lang='lat' dir='ltr'>metropoli</span> <span class='ocrx_word' id='word_1_202' title='bbox 1438 3827 1503 3892; x_wconf 88' lang='lat' dir='ltr'>nisi</span> 
     </span>
     <span class='ocr_line' id='line_1_28' title="bbox 447 3927 1505 4016; baseline -0.009 -11"><span class='ocrx_word' id='word_1_203' title='bbox 447 3950 463 3978; x_wconf 81' lang='lat'>‘¹</span> <span class='ocrx_word' id='word_1_204' title='bbox 487 3941 620 4005; x_wconf 82' lang='lat' dir='ltr'>tuntum</span> <span class='ocrx_word' id='word_1_205' title='bbox 636 3933 679 4000; x_wconf 87' lang='lat' dir='ltr'>vi.</span> <span class='ocrx_word' id='word_1_206' title='bbox 696 3930 848 3999; x_wconf 86' lang='lat' dir='ltr'>denarios</span> <span class='ocrx_word' id='word_1_207' title='bbox 871 3951 953 4016; x_wconf 92' lang='lat' dir='ltr'>quos</span> <span class='ocrx_word' id='word_1_208' title='bbox 976 3929 1042 4016; x_wconf 87' lang='lat' dir='ltr'>ipsi</span> <span class='ocrx_word' id='word_1_209' title='bbox 1061 3929 1228 3996; x_wconf 58' lang='lat' dir='ltr'>evocabant</span> <span class='ocrx_word' id='word_1_210' title='bbox 1250 3927 1403 3994; x_wconf 78' lang='lat' dir='ltr'>denarios</span> <span class='ocrx_word' id='word_1_211' title='bbox 1425 3927 1505 3996; x_wconf 84' lang='lat' dir='ltr'>cris·</span> 
     </span>
     <span class='ocr_line' id='line_1_29' title="bbox 446 4028 1503 4122; baseline -0.013 -14"><span class='ocrx_word' id='word_1_212' title='bbox 446 4052 463 4079; x_wconf 78' lang='lat'>‘¹</span> <span class='ocrx_word' id='word_1_213' title='bbox 486 4039 595 4107; x_wconf 84' lang='lat' dir='ltr'>mstis.</span> <span class='ocrx_word' id='word_1_214' title='bbox 642 4035 802 4122; x_wconf 83' lang='lat' dir='ltr'>Tempore</span> <span class='ocrx_word' id='word_1_215' title='bbox 827 4031 963 4100; x_wconf 84' lang='lat' dir='ltr'>Thomse</span> <span class='ocrx_word' id='word_1_216' title='bbox 993 4029 1132 4097; x_wconf 86' lang='lat' dir='ltr'>senioris</span> <span class='ocrx_word' id='word_1_217' title='bbox 1162 4028 1399 4116; x_wconf 76' lang='lat' dir='ltr'>archiepiscopi</span> <span class='ocrx_word' id='word_1_218' title='bbox 1426 4050 1503 4096; x_wconf 88' lang='lat' dir='ltr'>con·</span> 
     </span>
     <span class='ocr_line' id='line_1_30' title="bbox 446 4131 1503 4211; baseline -0.012 0"><span class='ocrx_word' id='word_1_219' title='bbox 446 4143 644 4211; x_wconf 84' lang='lat' dir='ltr'>“stitutum</span> <span class='ocrx_word' id='word_1_220' title='bbox 682 4137 752 4203; x_wconf 84' lang='lat' dir='ltr'>fuit</span> <span class='ocrx_word' id='word_1_221' title='bbox 788 4136 867 4202; x_wconf 83' lang='lat' dir='ltr'>dare</span> <span class='ocrx_word' id='word_1_222' title='bbox 905 4133 1057 4200; x_wconf 79' lang='lat' dir='ltr'>denarios</span> <span class='ocrx_word' id='word_1_223' title='bbox 1080 4133 1125 4200; x_wconf 80' lang='lat' dir='ltr'>ed</span> <span class='ocrx_word' id='word_1_224' title='bbox 1162 4131 1326 4208; x_wconf 88' lang='lat' dir='ltr'>sinodum,</span> <span class='ocrx_word' id='word_1_225' title='bbox 1358 4131 1503 4199; x_wconf 76' lang='lat' dir='ltr'>maxime</span> 
     </span>
     <span class='ocr_line' id='line_1_31' title="bbox 445 4235 1503 4315; baseline -0.01 -2"><span class='ocrx_word' id='word_1_226' title='bbox 445 4259 462 4285; x_wconf 73' lang='lat'>¹⁸</span> <span class='ocrx_word' id='word_1_227' title='bbox 484 4251 598 4315; x_wconf 83' lang='lat' dir='ltr'>sutem</span> <span class='ocrx_word' id='word_1_228' title='bbox 617 4242 663 4309; x_wconf 80' lang='lat' dir='ltr'>sd</span> <span class='ocrx_word' id='word_1_229' title='bbox 684 4239 849 4306; x_wconf 81' lang='lat' dir='ltr'>auxilium</span> <span class='ocrx_word' id='word_1_230' title='bbox 871 4237 1020 4304; x_wconf 84' lang='lat' dir='ltr'>metricis</span> <span class='ocrx_word' id='word_1_231' title='bbox 1044 4235 1189 4304; x_wconf 74' lang='lat' dir='ltr'>ecclesie</span> <span class='ocrx_word' id='word_1_232' title='bbox 1216 4235 1394 4302; x_wconf 77' lang='lat' dir='ltr'>destructos</span> <span class='ocrx_word' id='word_1_233' title='bbox 1421 4239 1503 4302; x_wconf 89' lang='lat' dir='ltr'>tunc</span> 
     </span>
     <span class='ocr_line' id='line_1_32' title="bbox 446 4336 1502 4424; baseline -0.014 -7"><span class='ocrx_word' id='word_1_234' title='bbox 446 4359 462 4386; x_wconf 84' lang='lat'>‘⁴</span> <span class='ocrx_word' id='word_1_235' title='bbox 485 4354 521 4416; x_wconf 87' lang='lat' dir='ltr'>et</span> <span class='ocrx_word' id='word_1_236' title='bbox 549 4341 781 4412; x_wconf 78' lang='lat' dir='ltr'>restaurandos.</span> <span class='ocrx_word' id='word_1_237' title='bbox 826 4337 927 4404; x_wconf 89' lang='lat' dir='ltr'>Unde</span> <span class='ocrx_word' id='word_1_238' title='bbox 957 4337 1128 4404; x_wconf 91' lang='lat' dir='ltr'>consultus</span> <span class='ocrx_word' id='word_1_239' title='bbox 1158 4359 1180 4404; x_wconf 85' lang='lat' dir='ltr'>s</span> <span class='ocrx_word' id='word_1_240' title='bbox 1211 4337 1403 4424; x_wconf 86' lang='lat' dir='ltr'>presbiteris</span> <span class='ocrx_word' id='word_1_241' title='bbox 1434 4336 1502 4402; x_wconf 83' lang='lat' dir='ltr'>suis</span> 
     </span>
     <span class='ocr_line' id='line_1_33' title="bbox 444 4440 1502 4531; baseline -0.013 -13"><span class='ocrx_word' id='word_1_242' title='bbox 444 4463 462 4488; x_wconf 78' lang='lat'>‘¹</span> <span class='ocrx_word' id='word_1_243' title='bbox 487 4449 682 4526; x_wconf 78' lang='lat' dir='ltr'>willelmus,</span> <span class='ocrx_word' id='word_1_244' title='bbox 707 4444 765 4531; x_wconf 91' lang='lat' dir='ltr'>qui</span> <span class='ocrx_word' id='word_1_245' title='bbox 791 4448 874 4510; x_wconf 90' lang='lat' dir='ltr'>tunc</span> <span class='ocrx_word' id='word_1_246' title='bbox 900 4445 972 4508; x_wconf 81' lang='lat' dir='ltr'>eret</span> <span class='ocrx_word' id='word_1_247' title='bbox 998 4441 1232 4508; x_wconf 88' lang='lat' dir='ltr'>Dunelmensis</span> <span class='ocrx_word' id='word_1_248' title='bbox 1248 4440 1434 4528; x_wconf 87' lang='lat' dir='ltr'>episcopus,</span> <span class='ocrx_word' id='word_1_249' title='bbox 1450 4440 1502 4504; x_wconf 91' lang='lat' dir='ltr'>vir</span> 
     </span>
     <span class='ocr_line' id='line_1_34' title="bbox 445 4541 1501 4640; baseline -0.01 -21"><span class='ocrx_word' id='word_1_250' title='bbox 445 4563 462 4590; x_wconf 89' lang='lat'><strong>“</strong></span> <span class='ocrx_word' id='word_1_251' title='bbox 484 4552 615 4640; x_wconf 85' lang='lat' dir='ltr'>sepiens</span> <span class='ocrx_word' id='word_1_252' title='bbox 631 4553 666 4616; x_wconf 91' lang='lat' dir='ltr'>et</span> <span class='ocrx_word' id='word_1_253' title='bbox 681 4549 888 4636; x_wconf 86' lang='lat' dir='ltr'>inposterum</span> <span class='ocrx_word' id='word_1_254' title='bbox 898 4545 1086 4631; x_wconf 88' lang='lat' dir='ltr'>providens,</span> <span class='ocrx_word' id='word_1_255' title='bbox 1096 4543 1275 4611; x_wconf 73' lang='lat' dir='ltr'>interdixit</span> <span class='ocrx_word' id='word_1_256' title='bbox 1290 4541 1337 4608; x_wconf 87' lang='lat' dir='ltr'>eis</span> <span class='ocrx_word' id='word_1_257' title='bbox 1352 4563 1394 4608; x_wconf 86' lang='lat' dir='ltr'>no</span> <span class='ocrx_word' id='word_1_258' title='bbox 1410 4541 1501 4628; x_wconf 92' lang='lat' dir='ltr'>quic-</span> 
     </span>
     <span class='ocr_line' id='line_1_35' title="bbox 443 4643 1502 4745; baseline -0.012 -22"><span class='ocrx_word' id='word_1_259' title='bbox 443 4669 460 4696; x_wconf 89' lang='lat'>“</span> <span class='ocrx_word' id='word_1_260' title='bbox 484 4677 584 4745; x_wconf 80' lang='lat' dir='ltr'>quam</span> <span class='ocrx_word' id='word_1_261' title='bbox 610 4651 788 4720; x_wconf 85' lang='lat' dir='ltr'>redderent</span> <span class='ocrx_word' id='word_1_262' title='bbox 817 4648 884 4714; x_wconf 90' lang='lat' dir='ltr'>nisi</span> <span class='ocrx_word' id='word_1_263' title='bbox 911 4649 1086 4734; x_wconf 78' lang='lat' dir='ltr'>antiquom</span> <span class='ocrx_word' id='word_1_264' title='bbox 1113 4645 1398 4715; x_wconf 87' lang='lat' dir='ltr'>consuetudinem.</span> <span class='ocrx_word' id='word_1_265' title='bbox 1446 4643 1502 4711; x_wconf 82' lang='lat' dir='ltr'>Its</span> 
     </span>
     <span class='ocr_line' id='line_1_36' title="bbox 444 4749 1499 4838; baseline -0.013 -8"><span class='ocrx_word' id='word_1_266' title='bbox 444 4775 460 4801; x_wconf 88' lang='lat'><strong>“</strong></span> <span class='ocrx_word' id='word_1_267' title='bbox 482 4783 561 4830; x_wconf 88' lang='lat' dir='ltr'>vero</span> <span class='ocrx_word' id='word_1_268' title='bbox 576 4761 762 4829; x_wconf 82' lang='lat' dir='ltr'>extiterunt</span> <span class='ocrx_word' id='word_1_269' title='bbox 783 4756 862 4823; x_wconf 89' lang='lat' dir='ltr'>inde</span> <span class='ocrx_word' id='word_1_270' title='bbox 885 4759 920 4822; x_wconf 88' lang='lat' dir='ltr'>et</span> <span class='ocrx_word' id='word_1_271' title='bbox 940 4754 1057 4821; x_wconf 83' lang='lat' dir='ltr'>solutae</span> <span class='ocrx_word' id='word_1_272' title='bbox 1080 4758 1114 4819; x_wconf 85' lang='lat' dir='ltr'>et</span> <span class='ocrx_word' id='word_1_273' title='bbox 1137 4751 1265 4838; x_wconf 87' lang='lat' dir='ltr'>quietae.</span> <span class='ocrx_word' id='word_1_274' title='bbox 1313 4749 1499 4818; x_wconf 87' lang='lat' dir='ltr'>Praedictos</span> 
     </span>
    </p>
   </div>
   <div class='ocr_carea' id='block_1_8' title="bbox 0 0 1774 5800">
    <p class='ocr_par' dir='ltr' id='par_1_10' title="bbox 0 0 1774 5800">
     <span class='ocr_line' id='line_1_37' title="bbox 0 0 1774 5800; baseline 0 0"><span class='ocrx_word' id='word_1_275' title='bbox 0 0 1774 5800; x_wconf 95' lang='lat' dir='ltr'> </span> 
     </span>
    </p>
   </div>
  </div>
 </body>
</html>
