3582 5798
710 859 870 908 AUCTORE
892 858 1031 909 scauro.
1358 844 1397 911 71

345 1045 494 1112 Odonem
524 1049 566 1113 de
600 1049 709 1114 medio
741 1049 875 1126 factum,
908 1049 1122 1133 innotuitque
1155 1046 1327 1126 Oswald03
1364 1049 1399 1110 et
1415 1059 1480 1110 ther'r

343 1156 433 1216 ecce!
456 1151 611 1236 lacrymae
634 1153 738 1218 coacti
762 1153 883 1217 doloris
906 1153 993 1216 inter
1016 1151 1204 1238 praecordia,
1228 1156 1262 1215 et
1285 1171 1397 1215 earum
1411 1133 1550 1254 Ἀζὼρ

343 1253 378 1316 in
403 1253 505 1317 oculis
528 1255 666 1339 eruptio,
683 1275 789 1340 neque
811 1255 899 1320 enim
916 1253 1125 1318 vehementia
1148 1253 1268 1317 doloris
1290 1252 1396 1337 lacry-
1410 1269 1472 1318 hear
1483 1270 1513 1319 of
1549 1221 1568 1268 y

342 1353 405 1418 mis
437 1361 618 1441 temperare
654 1356 839 1442 praevaluit.
899 1355 960 1420 Est
994 1356 1080 1420 enim
1114 1357 1150 1418 in
1184 1355 1264 1440 ipsis
1299 1354 1395 1419 malis
1408 1335 1489 1452 ἓξὲξ

341 1457 493 1540 quaedam
516 1459 709 1524 miserorum
725 1458 887 1544 voluptas,
913 1463 947 1522 et
970 1459 1076 1522 omnis
1099 1458 1237 1522 adversa
1260 1457 1395 1522 fortuna
1408 1439 1495 1546 Their¹

340 1558 443 1623 habet
465 1559 501 1624 in
529 1560 669 1645 querelis
700 1561 933 1625 levamentum.
982 1561 1112 1626 Miraris
1135 1561 1282 1625 fortassis
1309 1560 1395 1625 hanc
1409 1535 1482 1599 ΨΜ·

341 1662 623 1747 perturbationem
662 1662 775 1728 cadere
813 1663 848 1726 in
886 1663 1035 1726 animum
1070 1663 1155 1747 justi
1188 1685 1285 1748 quem
1320 1685 1395 1727 con·

342 1765 468 1828 stantia
495 1765 581 1830 tueri
612 1765 729 1830 debuit
762 1787 804 1829 ne
835 1769 1072 1838 concuteretur,
1105 1765 1287 1849 praesertim
1320 1786 1394 1829 cum

342 1866 452 1932 luctus
474 1869 538 1934 iste
568 1890 630 1934 usu
661 1891 695 1933 se
727 1891 793 1934 non
828 1869 955 1932 ratione
987 1873 1129 1945 tueatur,
1155 1889 1233 1932 cam
1267 1867 1397 1934 dederit

342 1969 434 2035 Deus
457 1969 587 2036 dilectis
610 1971 694 2038 Suis
724 1993 891 2038 soranum.
940 1970 1005 2034 Sed
1029 1971 1089 2036 etsi
1118 1976 1274 2056 patmum
1298 1993 1395 2035 suum

341 2071 378 2136 in
400 2072 543 2138 Domino
566 2073 765 2138 obdormisse
789 2095 857 2137 non
880 2072 1092 2148 dubitaverit,
1125 2073 1252 2138 viscera
1283 2078 1395 2138 tamen

340 2195 407 2238 non
443 2179 597 2260 poterant
634 2197 702 2239 non
740 2175 874 2250 moveri,
913 2179 1029 2259 utpote
1068 2195 1142 2238 caro
1180 2179 1214 2238 ct
1251 2176 1394 2261 saraguis,

339 2278 558 2362 nequeenim
589 2299 725 2362 corpora
746 2277 817 2341 sine
850 2275 1126 2341 confoederatione
1159 2280 1238 2339 sunt
1268 2277 1395 2341 animo-

339 2400 420 2442 rum.
469 2378 551 2458 Quis
579 2401 656 2465 ergo
688 2384 775 2444 recte
807 2384 995 2444 succenseat
1030 2377 1193 2454 Oswald0,
1216 2383 1394 2463 notamque

340 2479 488 2545 levitatis
515 2483 682 2567 importet,
705 2503 779 2547 cum
803 2487 838 2546 et
868 2480 1032 2545 Dominus
1056 2481 1130 2566 Ipse
1154 2480 1314 2546 Lazarum
1337 2481 1395 2546 fle·

340 2584 426 2647 verit
454 2583 525 2668 jam
559 2585 596 2648 in
628 2605 708 2670 pace
746 2584 922 2668 sepultum,
960 2582 1179 2647 humanitatis
1216 2591 1394 2670 assumptae

339 2686 548 2769 praetendens
574 2687 738 2763 affectum,
761 2686 1003 2750 admirantibus
1037 2685 1111 2750 aliis
1135 2691 1169 2751 ct
1201 2686 1394 2762 dicentibus,

193 2826 198 2838 ·
298 2827 304 2840 ·
339 2787 420 2852 Ecca
442 2787 606 2873 quomodo
629 2787 760 2852 amavit
783 2793 880 2852 euru?

384 2899 513 2955 Veniens
545 2894 656 2955 autem
685 2899 879 2966 Cantuariam,
903 2890 1034 2954 invenit
1068 2889 1177 2954 sedem
1210 2895 1390 2968 vacantem,
1406 2896 1563 3014 mliii„

339 2996 374 3054 ct
412 2991 545 3076 reliqua,
579 2992 666 3057 sicut
702 2992 861 3057 audierat.
916 2990 1094 3076 Cogitabat
1132 2992 1212 3078 quid
1250 2993 1431 3079 facerem,⁰
1444 3031 1484 3080 uo.

338 3094 436 3160 haesit
459 3096 579 3160 dubius
602 3119 667 3180 quo
690 3095 806 3181 pedem
830 3095 1027 3159 divertisset.
1074 3104 1250 3160 Praesidebat
1265 3125 1298 3161 ea
1318 3111 1392 3162 tem-

245 3215 251 3226 ·
338 3199 448 3264 pestate
471 3194 600 3250 ccclesiae
624 3194 797 3250 Dorcaccnsi
828 3194 957 3265 quidam,
985 3193 1119 3249 Oschctel
1145 3187 1286 3263 nomine,
1310 3209 1392 3271 plte-

338 3279 441 3359 ccptae
464 3275 673 3340 auctoritatis
697 3280 731 3340 et
753 3275 874 3359 integri
898 3275 1027 3338 fructus
1057 3274 1161 3340 homo.
1210 3285 1297 3340 Hune
1318 3286 1392 3340 adiit
1406 3287 1507 3337 Goesto
1522 3293 1562 3339 nis

338 3373 383 3426 vir
414 3374 478 3440 Dei,
506 3379 606 3444 utpote
636 3373 889 3442 consanguinitate
920 3371 975 3426 sibi
1005 3374 1210 3444 propinquum,
1233 3370 1267 3429 el
1289 3366 1331 3430 ab
1354 3388 1392 3430 ⁰⁰
1404 3353 1533 3479 liffild,
1584 3367 1586 3370 Ι

336 3459 507 3539 gratanter
540 3460 711 3540 susceptus
743 3459 801 3518 cst.
859 3453 990 3518 Interea
1021 3453 1108 3518 diem
1140 3455 1254 3518 functo
1286 3454 1390 3520 archi·
1404 3485 1537 3548 bishopof

337 3555 487 3642 episcopo
510 3555 908 3640 Eboracensi,p1aedictus
932 3555 1084 3622 Oschetel
1107 3557 1142 3620 in
1166 3558 1275 3622 sedem
1298 3557 1390 3622 illam
1404 3549 1533 3604 Doreues-

337 3656 541 3744 subrogatur,
577 3663 612 3722 et
649 3657 786 3742 pallium
832 3656 1059 3741 postulaturus
1106 3658 1245 3722 Romam
1283 3659 1389 3743 petiit,
1404 3625 1506 3752 &pois

276 3825 284 3848 ‚
336 3757 460 3824 habens
486 3768 651 3825 Oswaldum
681 3767 818 3823 comitem
847 3759 983 3824 itineris,
1035 3759 1234 3844 Peractoque
1257 3761 1389 3845 negotio
1402 3769 1560 3846 medemah-

240 3891 246 3902 ·
335 3883 410 3925 cum
432 3861 538 3926 Roma
560 3861 747 3947 digrediens
769 3861 805 3924 in
829 3860 984 3946 Angliam
1016 3843 1182 3925 remeandi
1207 3862 1270 3926 iter
1299 3883 1387 3927 aece-
1402 3834 1545 3962 sssslssfaffi

333 3949 461 4028 leraret,
484 3961 634 4016 Oswaldua
657 3959 777 4015 divertit
800 3959 974 4024 Floriaeum,
998 3959 1106 4013 ducena
1128 3977 1225 4015 secum
1249 3960 1387 4015 clericum
1401 3968 1471 4016 takes

334 4050 479 4120 quendam
509 4050 624 4106 itineris
654 4049 762 4105 socium
798 4039 841 4104 ab
876 4039 1006 4124 Angliu,
1045 4049 1221 4104 Germanum
1257 4050 1384 4106 nominc.
1399 4033 1500 4148 lessdl

335 4141 557 4227 Excipiuntur
580 4143 623 4206 ab
652 4142 771 4207 abbate
805 4145 840 4204 et
870 4139 1030 4204 fratribus
1064 4163 1138 4205 cum
1170 4143 1385 4224 exultatione,
1398 4115 1427 4215 ll:
1436 4115 1525 4216 1103}

335 4249 590 4328 manseruntque
621 4244 669 4307 ibi
699 4265 757 4328 per
790 4243 861 4306 dies
887 4241 1023 4327 aliquot,
1057 4243 1168 4328 ibique
1201 4245 1385 4310 Germanus
1398 4246 1500 4324 Ossam

334 4345 485 4411 habitum
520 4345 687 4432 religionis
719 4344 872 4430 suscepit,
906 4344 1076 4429 factusque
1109 4347 1288 4412 monachus
1320 4321 1502 4444 ser-{eigil}

335 4449 422 4512 vivit
456 4449 600 4514 Domino
637 4449 674 4512 in
713 4449 837 4512 timore.
885 4447 1059 4512 Oswaldus
1096 4455 1208 4514 autem
1247 4451 1385 4516 dilatare
1399 4446 1484 4496 where

333 4571 401 4616 non
424 4551 523 4616 desiit
544 4573 673 4637 gressus
704 4571 779 4614 suos
803 4549 838 4613 in
868 4547 987 4634 plateis
1010 4549 1200 4616 Jerusalem.
1247 4553 1326 4618 Post
1349 4575 1387 4618 ca
1400 4513 1543 4630 peecrpqpsus

333 4669 510 4720 memoratus
540 4662 661 4718 antistes
684 4652 784 4716 missa
805 4649 968 4738 legatione
993 4650 1184 4718 Oswaldum
1209 4647 1513 4734 revocavissent·
