3454 5816
403 864 468 926 442
663 875 764 925 nrvrs
788 877 831 925 or
853 877 922 925 ran
946 877 1185 927 ancsersnors

233 1079 286 1130 The
299 1081 371 1130 aruh·
449 1060 609 1125 Praeiatus
632 1065 745 1124 autem
768 1057 910 1122 Thomas
932 1058 1194 1144 archiepiscopus
1230 1059 1361 1124 assidue
1383 1067 1459 1124 erat

233 1144 382 1278 fflssphzn
403 1168 614 1227 conversatus
646 1162 732 1228 circa
764 1161 960 1246 temporalia
994 1183 1054 1246 pro
1092 1161 1297 1246 beneplacito
1330 1162 1456 1227 domini

235 1287 282 1340 ter,
295 1281 356 1329 avith
403 1265 494 1349 regis.
542 1265 743 1329 Venationes
776 1263 1034 1349 quamplurimas
1068 1264 1308 1349 frequentabat,
1330 1265 1454 1352 plures⁴

234 1349 366 1464 {gffinlssl
402 1390 465 1452 que
489 1388 647 1452 expensas
671 1366 756 1431 circa
778 1364 1012 1431 aedificationes
1036 1371 1071 1429 et
1104 1367 1353 1431 renovationem
1376 1366 1456 1430 aedi-

402 1469 548 1533 ficiorum
584 1467 620 1531 in
637 1474 757 1533 castro
790 1489 850 1530 suo
884 1467 924 1531 de
959 1465 1092 1543 Oawod
1116 1473 1151 1532 et
1183 1467 1218 1531 in
1241 1467 1389 1532 manerio
1413 1467 1454 1532 de

403 1571 530 1655 Soruby
555 1593 613 1635 suo
637 1575 783 1655 tempore
815 1568 948 1645 refudit,
971 1568 1130 1655 plurimos
1164 1569 1306 1635 famulos
1329 1570 1455 1635 domes-

403 1674 484 1738 ticos
507 1673 631 1737 habens
654 1673 690 1736 in
713 1678 841 1736 statura
863 1693 1022 1758 proceros.
1209 1673 1213 1680 '

233 1827 274 1876 He
287 1843 337 1876 was
448 1775 629 1860 Nunquam
672 1779 744 1839 erat
782 1773 972 1838 installatus
1011 1775 1047 1838 in
1084 1773 1221 1840 ecclesia
1245 1773 1455 1850 Eboracensi,

233 1863 361 1942 ueteris·
402 1878 466 1940 nisi
490 1877 654 1942 secretiori
677 1877 782 1952 modo,
808 1897 868 1940 nec
890 1869 927 1940 iri
949 1875 1084 1942 ecclesia
1107 1875 1288 1956 Beverlaoi,
1311 1877 1375 1940 nisi
1399 1897 1458 1961 per

232 1959 330 2008 ΨΜ·
401 1987 652 2067 procuratorem,
686 1985 721 2044 et
751 1979 798 2044 sic
829 1979 956 2064 primus
988 1979 1055 2044 fuit
1078 1979 1139 2064 qui
1163 1979 1276 2044 omisit
1302 1979 1458 2046 convivia

399 2089 434 2147 et
457 2083 683 2148 solemnitates
717 2087 889 2146 consuetas
912 2081 948 2144 in
979 2080 1168 2146 stellatione
1198 2082 1459 2168 archiepiscopo-

400 2207 473 2250 rum
497 2184 760 2250 Eboracensium.

234 2323 333 2375 Discat
447 2288 491 2352 Et
524 2285 666 2352 secundo
709 2286 763 2350 die
801 2286 922 2350 mensis
960 2283 1177 2371 Septembris,
1210 2307 1298 2350 anno
1321 2284 1457 2350 Domini

233 2391 344 2470 causon
405 2391 498 2466 1507,
521 2395 555 2454 et
578 2387 702 2453 domini
737 2387 822 2452 Julii
857 2409 951 2474 papae
984 2387 1127 2453 Secundi
1144 2381 1147 2388 ’
1163 2409 1251 2452 anno
1274 2391 1399 2472 quarto,
1422 2404 1458 2452 et

230 2459 321 2575 iffi
333 2533 359 2575 at
400 2493 486 2579 regis
510 2493 646 2557 Hemici
672 2490 814 2576 Septimi
838 2490 948 2554 xxiii0.
973 2489 1162 2575 incipiente,
1186 2491 1222 2554 in
1257 2490 1374 2556 castro¹
1397 2511 1458 2555 suo

232 2591 311 2641 York.
399 2599 439 2662 de
464 2595 610 2660 Cawodd
632 2594 675 2658 ab
698 2593 760 2658 hac
783 2593 854 2658 luce
878 2593 1045 2678 migravit,
1068 2599 1102 2657 et
1125 2592 1211 2658 xiiio.
1235 2592 1288 2657 die
1311 2592 1458 2678 ejusdem

399 2699 520 2764 mensis
544 2693 708 2761 cadaver-²
731 2695 804 2780 ejus
839 2695 874 2756 in
898 2693 1059 2780 quadriga
1089 2693 1269 2758 honorifice
1292 2694 1335 2758 ad
1359 2693 1460 2760 eccle·

399 2801 481 2865 siam
517 2800 756 2863 Eboraoensem
791 2795 941 2871 allatum,
976 2793 1190 2880 exequiisque
1217 2795 1280 2881 [et]
1316 2793 1459 2859 solenni-

401 2901 525 2966 tatibus
559 2901 630 2984 ipso
653 2898 706 2962 die
738 2898 887 2982 peractis
911 2895 1004 2960 etin
1035 2896 1197 2973 crastimo,
1221 2897 1282 2960 viz.
1308 2896 1344 2960 in
1375 2897 1459 2962 festo

400 3002 622 3070 Exultationis
639 3001 771 3065 Sanctae
788 2999 912 3075 Crucis,
935 3020 1011 3064 cum
1026 2998 1235 3064 solemnitate
1259 3021 1325 3084 qua
1348 2998 1460 3064 decuit

400 3105 543 3171 traditus
566 3102 633 3167 fuit
655 3101 838 3188 sepulturae
861 3100 992 3166 ibidem.

401 3377 454 3442 Da
471 3376 688 3441 Oarsrorsao
701 3370 919 3434 Bsrussreu
935 3382 1209 3432 saumurrscoro
1228 3365 1459 3432 Esomcmsr.

448 3558 747 3647 Quinquagesimus
763 3561 886 3632 sextus,
902 3553 1152 3640 metropoliticae
1168 3553 1313 3620 ccclesiae
1336 3553 1457 3620 Ebora-

233 3646 352 3766 ῦξήεξ.
402 3668 506 3734 censis
551 3684 662 3730 curam
696 3659 783 3744 gerit
820 3655 1020 3722 Oristoferus
1052 3655 1254 3743 Baynbrigg,
1287 3659 1457 3742 utriusque

231 3731 382 3847 pfielrgean-
397 3771 483 3857 juris
506 3769 627 3842 doctor,
651 3763 690 3827 dc
713 3781 870 3847 generosa
885 3759 987 3844 stirpe
1007 3757 1108 3843 juxta
1124 3758 1278 3845 Appelby
1294 3759 1330 3822 in
1351 3757 1458 3824 West

233 3851 301 3899 al).
315 3855 386 3901 1⁵⁰3·
403 3871 554 3938 morland
590 3864 756 3940 oriundus,
781 3862 838 3946 qui
872 3866 983 3925 custos
1015 3860 1198 3925 rotulorum
1222 3861 1349 3926 domiui
1372 3862 1458 3947 regis

401 3974 536 4042 Henrici
572 3967 721 4054 Septimi,
752 3971 786 4030 et
819 3965 961 4028 decanus
993 3963 1136 4028 ecclesiae
1171 3963 1385 4030 Eboracensis
1414 3965 1457 4028 ad

400 4087 538 4164 tempus,
571 4071 688 4137 deinde
725 4067 768 4132 ad
806 4066 916 4132 sedem
955 4064 1171 4150 episcopalem
1204 4065 1459 4131 Dunelmensem

400 4184 578 4270 promotus,
601 4175 637 4238 in
660 4193 726 4258 qua
759 4189 943 4255 perunum
966 4188 1090 4230 annum
1119 4167 1317 4232 continuans
1339 4167 1460 4233 abhinc

230 4282 279 4334 ἕω·
399 4282 575 4350 adsedem
597 4269 871 4358 metropoliticam
895 4268 1142 4345 Eboracensem,
1157 4269 1238 4334 xvia
1262 4269 1316 4334 die
1339 4269 1460 4335 mensis

293 4451 296 4458 ,
398 4383 597 4458 Decembris,
628 4399 715 4444 anno
749 4373 874 4438 domini
897 4369 941 4438 Ml.
969 4385 1015 4436 νῦ.
1039 4371 1129 4449 viiic,
1153 4378 1299 4459 tempore
1322 4373 1460 4439 Hernici

400 4491 486 4575 regis
523 4483 655 4570 Anglieu
694 4476 844 4563 Septimi,
870 4497 927 4560 per
962 4474 1132 4539 dominum
1167 4474 1297 4540 dulium
1340 4497 1459 4563 papam

400 4590 587 4658 Secundum
610 4604 697 4649 anno
720 4585 814 4645 sexto
838 4576 1018 4642 translatus
1042 4582 1100 4642 ast.

231 4147 326 4213 Bishop
338 4149 367 4198 ol

230 4215 355 4276 Barbam,

628 4733 752 4743 --—-.-
767 4733 774 4737 -
789 4729 1006 4737 ----—----—

915 4801 920 4870 Ι
983 4802 994 4835 2
1012 4801 1137 4868 cadauer]
1158 4817 1208 4853 om.
1221 4803 1256 4854 H.
