3410 5840
450 897 515 961 532
875 913 1061 964 mennmx.

278 1104 431 1179 anchyloseo
448 1097 624 1184 pulchrum
647 1099 743 1165 Beati
767 1099 927 1166 Willelmi
950 1102 1067 1169 baculo
1097 1101 1250 1182 subnixa,
1273 1108 1308 1169 et
1329 1123 1350 1170 a
1373 1103 1505 1168 duobus

278 1169 434 1234 ¹¹⁸h²¹¹¹¹⁰⁶'
447 1199 637 1266 hominibus
660 1223 732 1266 eam
756 1203 1021 1268 sustentantibus
1051 1203 1204 1280 adducta,
1226 1203 1351 1270 ibidem
1373 1204 1507 1270 meritis

447 1303 594 1387 ejusdem
617 1304 814 1368 sanctissimi
837 1305 1004 1390 pontificis
1037 1305 1223 1381 sanitatem,
1246 1305 1329 1372 feria
1358 1305 1507 1373 secunda

447 1404 666 1482 Pentecosten,
699 1406 842 1492 recepit:
870 1403 931 1472 ‘sio
961 1407 1004 1471 ad
1036 1407 1178 1493 propria,
1216 1406 1287 1472 sine
1311 1409 1414 1486 omni,
1452 1406 1505 1471 vel

449 1505 567 1583 baculi,
589 1506 644 1570 vel
668 1505 831 1586 hominis;
853 1507 1065 1584 adminiculo,
1088 1528 1170 1574 sana
1193 1508 1300 1574 rediit
1517 1588 1521 1594 Ι

279 1622 342 1672 Man
354 1621 414 1671 with
494 1611 523 1676 3.
540 1609 663 1674 Eodem
678 1609 779 1675 etiam
794 1611 849 1675 die
864 1611 1000 1696 quidam
1016 1609 1205 1688 (laufridus,
1213 1613 1256 1675 ab
1270 1612 1367 1676 annis
1382 1631 1507 1676 novam

278 1688 436 1804 ffissfffl
449 1710 601 1775 similiter
622 1711 733 1776 nervis
756 1712 932 1778 contractis
954 1711 1037 1777 adeo
1059 1711 1298 1790 infirmabatur,
1314 1718 1354 1778 ut
1376 1712 1507 1778 duobus

448 1811 573 1878 baculis
596 1812 766 1889 subnixus,
790 1818 824 1877 et
845 1833 912 1878 uno
936 1813 1018 1898 pede
1041 1834 1199 1898 suspenso
1225 1813 1382 1879 incurvus
1405 1812 1505 1878 valde

448 1934 575 1999 semper
597 1913 770 1979 incederet.
816 1913 941 1978 Hicin
965 1913 1110 1980 Eboraeo
1133 1915 1229 1980 annis
1251 1914 1404 2000 plurimis
1428 1935 1506 1980 con-

448 2021 607 2092 versatus
630 2020 664 2080 et
685 2015 729 2079 ab
760 2015 913 2080 omnibus
947 2015 1017 2080 fere
1051 2016 1197 2080 civitatis
1229 2016 1376 2102 ejusdem
1410 2015 1506 2079 infir·

448 2117 566 2181 mitate
604 2115 795 2200 hujusmodi
833 2117 925 2181 visus
965 2122 999 2181 et
1037 2117 1199 2202 cognitus,
1238 2117 1367 2182 meritis
1404 2116 1503 2181 Beati

448 2217 605 2282 Willelmi
628 2217 671 2280 ad
694 2216 903 2302 sepulchrum
927 2218 998 2302 ejus
1020 2218 1146 2303 pietate
1168 2217 1293 2282 Divina
1323 2216 1504 2284 sanitatem

447 2319 594 2405 recepit;
618 2324 652 2384 et
675 2319 831 2404 subjectis
854 2318 980 2384 baculis
1003 2319 1046 2384 ad
1063 2318 1170 2384 altare
1185 2319 1282 2386 Beati
1298 2317 1389 2384 Petri
1410 2320 1503 2404 Apo·

448 2421 536 2496 stoli,
568 2420 693 2508 gratias
726 2441 827 2505 agens
861 2419 933 2485 Deo
965 2424 1000 2484 et
1030 2419 1134 2485 Beato
1168 2419 1343 2498 Willelrno,
1370 2421 1503 2484 nemine

449 2527 665 2597 sustentante,
688 2525 796 2586 rectus
821 2526 855 2586 et
877 2525 1013 2596 erectus,
1037 2525 1106 2584 tam
1140 2519 1226 2585 clero
1256 2541 1356 2606 quam
1379 2519 1502 2606 populo

278 2683 312 2734 W
448 2629 578 2690 astante
594 2629 629 2688 et
650 2623 759 2689 Deum
782 2621 999 2698 collaudante,
1022 2621 1166 2686 accessit.

279 2700 412 2801 affl..
495 2731 524 2792 4.
548 2727 635 2790 Item
670 2724 813 2791 secunda
846 2723 931 2788 feria
962 2723 1172 2789 Pentecostes
1203 2723 1327 2788 femina
1349 2723 1502 2808 quaedam

279 2819 369 2933 Ἠ)
450 2829 489 2892 dc
529 2826 684 2904 Heword,
723 2824 766 2890 ab
803 2825 908 2900 annis,
948 2824 1033 2890 siout
1070 2823 1211 2908 ipsamet
1248 2824 1397 2899 asseruit,
1434 2823 1503 2888 fere

278 2921 401 3000 audiun
450 2930 562 2994 decem
585 2929 660 2991 visu
683 2926 808 3002 orbata,
830 2931 866 2990 et
897 2925 1001 2988 nimio
1024 2923 1151 2988 ventris
1174 2929 1303 2989 tumore
1326 2929 1361 2989 et
1391 2924 1501 2989 dolore

278 3016 383 3145 {pppen
447 3036 595 3117 gravata,
619 3029 742 3092 ibidem
766 3027 941 3092 sanitatem
965 3026 1097 3112 recepit.

279 3171 305 3220 A
317 3173 378 3222 deas
493 3136 520 3196 5.
545 3130 682 3194 Femina
705 3128 856 3214 quaedam
880 3127 920 3192 do
943 3127 1098 3212 parochia
1120 3129 1160 3192 de
1184 3126 1371 3212 Hemelsay,
1401 3129 1502 3206 etiam

278 3252 378 3286 woman
448 3255 467 3295 a
491 3231 670 3296 nativitate
694 3230 802 3305 surda,
826 3229 920 3305 sicut,
943 3229 1015 3314 ipsa
1037 3233 1113 3314 post
1135 3233 1299 3313 receptam
1324 3229 1500 3295 sanitatem

278 3303 417 3433 ssssffiqey·
449 3337 623 3409 asserente,
646 3337 680 3396 et
701 3330 923 3400 convocandis
946 3331 1018 3414 ejus
1035 3329 1246 3406 testantibus,
1277 3333 1500 3417 cognovimus

447 3437 530 3500 foria
562 3434 607 3498 iii.
643 3432 861 3511 Pentecostos,
892 3431 936 3496 ad
970 3430 1180 3517 sepulchrum
1212 3431 1309 3496 Beati
1345 3433 1503 3502 Willelmi

448 3539 600 3603 auditum
623 3535 840 3600 clarissimum
862 3534 995 3618 recepit.

280 3658 306 3708 A
319 3673 427 3719 promas,
496 3645 524 3707 6.
549 3639 673 3704 Eodem
697 3637 797 3702 etiam
823 3637 876 3702 die
899 3637 1005 3702 altera
1021 3636 1172 3720 quaedam
1194 3637 1238 3700 ab
1260 3637 1357 3702 annis
1372 3637 1436 3702 fere
1452 3639 1503 3701 vi-

279 3724 377 3839 {ssffi
448 3744 535 3829 giuti
558 3740 695 3827 gibboso
718 3743 752 3803 et
790 3792 797 3805 .
844 3790 850 3804 .
897 3790 903 3802 .
951 3787 957 3803 .
990 3737 1088 3804 valde
1111 3737 1274 3818 incedens,
1296 3739 1334 3803 in
1358 3739 1503 3806 Eboraco

279 3855 345 3904 from
354 3828 435 3906 Ybrk.
449 3846 506 3910 diu
530 3847 731 3917 conversata,
747 3847 781 3905 et
803 3841 839 3904 in
861 3838 1058 3905 infirmitate
1081 3839 1142 3904 hac
1172 3841 1245 3905 visa
1276 3843 1311 3905 et
1337 3841 1395 3906 diu
1429 3863 1503 3929 cog-

449 3949 528 4025 nito,
553 3945 676 4010 ibidem
700 3947 816 4007 sanata
838 3941 904 4006 fuit
916 3966 924 4020 ;
957 3942 1008 4007 ita
1030 3946 1070 4005 ut
1092 3961 1225 4028 corpore
1248 3943 1383 4008 omnino
1404 3951 1504 4023 rectu,

449 4051 620 4134 aliquanto
652 4051 765 4109 tamen
796 4039 890 4129 gibbi
925 4043 1067 4130 vestigio
1093 4043 1188 4128 quasi
1220 4043 1263 4108 ad
1296 4044 1502 4110 infirmitatis

447 4151 606 4216 indicium
629 4149 828 4223 remanente,
851 4144 978 4210 abierit.

279 4267 435 4330 Auropsical
492 4253 522 4320 7.
547 4252 653 4316 Nocte
676 4269 752 4313 voro
783 4248 936 4332 proxima
965 4254 1122 4332 sequente
1145 4245 1328 4332 hydropica
1350 4248 1501 4332 quaedam

278 4349 377 4448 prppria
448 4357 488 4420 de
512 4353 660 4420 Harwod
683 4371 757 4416 cum
779 4353 896 4413 ventre
926 4349 1024 4413 valde
1058 4348 1186 4414 tumido
1218 4347 1262 4413 ad
1293 4349 1502 4434 sepulchrum

279 4465 433 4516 Harewood·
449 4457 562 4523 Sancti
586 4452 746 4519 Willehni
768 4451 957 4526 adveniens,
981 4450 1104 4515 ibidem
1127 4455 1244 4516 sanata
1266 4450 1340 4516 fuit.

280 4579 305 4629 A
316 4581 396 4644 youth
495 4564 522 4623 8.
547 4557 687 4623 Juvenis
741 4555 852 4632 etiam,
898 4553 1063 4620 Henricus
1112 4554 1254 4630 nomine,
1299 4575 1320 4619 a
1358 4555 1502 4639 pueritia

278 4645 420 4762 ffl‘fflb'
448 4661 586 4745 pcdibns
626 4658 731 4735 tortis,
771 4661 805 4720 et
840 4676 893 4720 oos
932 4660 1007 4740 post
1045 4676 1078 4720 se
1113 4655 1276 4720 trahendo
1313 4655 1501 4740 ubicunque

448 4763 609 4839 inccdens,
625 4762 661 4824 in
686 4759 831 4824 Eboraco
855 4757 913 4821 diu
936 4757 972 4821 in
987 4757 1048 4824 hac
1071 4756 1266 4823 infirmitate
1289 4765 1500 4824 conversatus
