3454 5816
504 911 639 959 0111111
662 911 807 960 caunos
830 911 874 958 or
897 911 1001 960 101111.
1219 894 1285 968 479

276 1084 366 1151 Grex
389 1085 532 1152 occurrit
553 1084 687 1171 praesuli
710 1105 785 1150 cum
810 1085 995 1162 devotione,

276 1188 373 1254 Illam
397 1189 450 1275 pie
472 1194 598 1254 recreat
612 1189 857 1254 benedictione:
1154 1199 1155 1202 ’
1220 1191 1285 1254 320

278 1290 399 1376 Magna
423 1289 642 1356 multitudine
665 1311 777 1356 seeum
800 1290 993 1368 comitante,

224 1463 227 1470 Δ
277 1391 414 1459 Summa
435 1413 511 1459 cum
534 1393 653 1458 laetitia
675 1397 751 1480 post
774 1392 868 1456 illum
892 1397 927 1458 et
949 1398 1038 1475 ante,

277 1494 402 1562 Urbem
426 1495 505 1560 dum
528 1495 713 1581 ingreditur
737 1495 841 1560 Usam
865 1495 1092 1573 transmeavit,

277 1597 363 1663 Pons
386 1598 455 1663 ruit
476 1619 545 1684 prae
568 1597 718 1683 pondere,
742 1597 871 1683 plebem
894 1620 1049 1684 magnam
1072 1599 1211 1664 stravit:

279 1698 464 1765 Conversus
487 1699 658 1787 episcopus
681 1700 773 1764 mirae
796 1701 994 1780 sanctitatis,
1220 1703 1283 1766 325
1298 1712 1440 1766 Themin-

278 1802 456 1867 Benedixit
477 1802 637 1900 populum
661 1803 754 1889 signo
778 1803 951 1884 sanitatis;
1298 1781 1431 1914 {53:¹¹⁰

280 1904 333 1970 Ibi
356 1926 416 1990 per
437 1905 634 1971 miraculum
656 1905 735 1971 hic1
759 1906 906 1971 oratione
1298 1914 1422 1966 Wiliam’s

279 2005 443 2072 (lunatum
467 2007 576 2072 salvat
597 2007 757 2094 populum
780 2029 801 2073 a
824 2008 1071 2075 submersione:
1298 1983 1382 2032 death.

277 2109 356 2174 Mox
380 2115 419 2174 ut
440 2108 563 2174 festum
585 2109 729 2175 celebrat
752 2109 884 2176 Sanctae
907 2110 1092 2190 Trinitatis,

279 2210 398 2276 Gravis
422 2211 530 2297 ipsum
556 2211 692 2298 corripit
715 2212 766 2276 vis
788 2212 1002 2279 infirmitatis.
1220 2215 1285 2280 330

280 2314 382 2379 Redit
403 2315 446 2379 ad
469 2313 631 2399 palatium
643 2337 651 2392 ;
691 2313 793 2400 coepit
815 2313 958 2400 fatigari,

279 2415 440 2503 Praecepit
462 2415 649 2502 hospitibus
672 2436 759 2480 escas
782 2416 970 2482 ministrari.

280 2517 322 2582 In
345 2518 399 2583 die
421 2517 586 2584 tricesimo
609 2522 684 2604 post
706 2517 819 2583 urbem
845 2518 995 2596 intravit,

283 2619 475 2686 Valedicens
497 2619 654 2684 fratribus
677 2620 774 2686 laetus
797 2621 989 2707 exspiravit.

281 2720 407 2807 Corpus
430 2721 466 2785 in
489 2719 623 2788 ecclesia
645 2721 734 2786 Petri
758 2722 951 2800 tumulatur,
1221 2729 1284 2792 335

281 2822 349 2888 Ubi
365 2821 458 2908 plebs
480 2823 656 2888 innumera
678 2821 838 2888 Sanctum
861 2829 1046 2890 veneratur.

282 2923 411 2990 Tnmba
433 2923 509 2988 fluit
531 2925 640 2989 oleum
663 2924 785 2988 morbis
807 2926 1002 3012 gratiosum,

282 3027 382 3093 Hunc
404 3026 511 3093 multa
534 3027 691 3092 miracula
713 3026 857 3092 reddunt
886 3028 1070 3113 gloriosum.

283 3127 383 3192 Hunc
405 3126 655 3192 archidiaconus
678 3125 815 3204 Cantiae,
841 3127 997 3214 Rogenrs‚
1104 3132 1195 3196 xxxi.
1300 3145 1394 3210 Roget.

283 3227 479 3314 Capelianus
501 3229 619 3315 regius,
642 3229 683 3293 fit
705 3249 871 3294 successor
895 3250 1001 3295 verus.
1219 3236 1287 3298 340

283 3331 382 3395 Anno
404 3329 625 3395 sextodecimo
648 3351 758 3415 regem
781 3331 975 3408 coronavit

282 3434 371 3498 Dum
394 3433 517 3518 primas
539 3433 582 3497 ab
605 3432 727 3518 Anglia
749 3431 891 3497 Thomas
914 3434 1073 3500 exulavit.

283 3534 349 3600 Hic
371 3534 632 3621 archiepiscopus
654 3533 776 3598 honore
799 3534 931 3612 reluxit,

284 3637 392 3722 Ipsius
414 3636 577 3722 palatium
600 3636 641 3700 de
663 3656 750 3700 novo
773 3635 967 3701 construxit.

284 3737 328 3802 Et
350 3737 507 3823 capellam
530 3736 679 3802 condidit
704 3734 854 3820 Sepulcri
876 3742 1041 3814 vocatam,
1222 3742 1286 3806 345

285 3839 328 3904 Et
351 3839 512 3903 ministris
534 3837 707 3903 tresdecim
730 3858 789 3922 per
812 3838 921 3924 ipsum
945 3838 1104 3906 dotatam.

283 3941 325 4006 In
347 3941 462 4007 vicenc
485 3939 625 4025 septimo
647 3959 734 4004 anno
757 3939 961 4024 praesulatus,

285 4042 386 4128 Apud
409 4041 596 4108 Sherbume
619 4041 767 4116 moritur,
790 4039 827 4103 in
849 4039 944 4105 York
967 4041 1164 4109 tumulatus.

285 4148 330 4211 Et
352 4149 427 4230 post
449 4144 521 4228 ejus
545 4143 674 4207 obitum
698 4142 790 4207 sedes
814 4141 953 4210 Eboraci

284 4249 391 4314 Vacat
413 4269 471 4332 per
494 4245 688 4311 decennium
703 4245 866 4330 scriptura
880 4247 998 4314 veraci.
1223 4253 1288 4316 350

285 4353 364 4416 Post
386 4349 458 4414 haec
480 4349 566 4435 regis
589 4348 677 4411 filius
700 4346 1021 4414 Ηο111101111111ο11112
1303 4380 1433 4448 Geoffrey.

285 4451 452 4519 Galfridus
475 4451 511 4514 in
534 4449 724 4516 cathedram
747 4448 902 4514 successit
923 4450 1063 4518 honoris.
1095 4455 1200 4519 xxxii.

274 4701 281 4736 ¹
301 4701 353 4773 tie]
373 4701 404 4760 is.
415 4703 450 4756 A.
755 4702 760 4774 Ι
826 4703 837 4736 ²
854 4701 978 4770 Μίπονίε]
997 4703 1119 4766 Junioris,
1130 4707 1164 4756 A.
