3454 5816
635 881 681 931 ar
704 879 843 930 rnouas
865 880 1000 930 arunas.
1268 863 1333 931 409

283 1075 489 1137 consecratus
512 1074 570 1136 est.
617 1068 728 1154 Hujus
751 1073 855 1156 pater,
871 1069 1043 1134 Johannes
1066 1089 1185 1156 genere
1208 1069 1332 1135 Roma·
1347 1071 1499 1136 nissether,

281 1195 352 1250 nus,
386 1173 600 1238 Eboraoensis
632 1171 776 1238 eeclesiae
811 1171 1037 1238 thesaurarius
1059 1177 1103 1244 ¹et
1135 1170 1333 1248 eanonicusl
1347 1140 1478 1256 ppddffimt

284 1283 412 1360 partem
443 1275 548 1340 erucis
581 1273 726 1340 ecelesiae
762 1274 857 1340 Beati
880 1274 971 1338 Petri
997 1273 1136 1340 Eboraci
1160 1273 1336 1350 borealem,

285 1397 359 1460 quae
403 1399 437 1441 se
480 1376 635 1442 extendit
665 1397 781 1441 versus
819 1376 982 1462 palatium
1016 1375 1264 1462 archiepiscopi,
1302 1383 1336 1441 et

285 1479 452 1564 egregium
476 1477 659 1564 campanile
682 1479 718 1542 in
741 1479 849 1544 medio
872 1479 1020 1563 ejusdem
1043 1479 1149 1544 oruois
1182 1479 1336 1556 eoelesiae,

285 1587 430 1647 ereetum
453 1581 641 1667 sumptibus
663 1579 731 1646 auis
746 1581 896 1667 propriis,
913 1581 1107 1646 oonstruxit.
1154 1581 1220 1647 Hie
1235 1581 1336 1646 etiam

286 1683 420 1748 domum
454 1683 545 1748 illam
569 1683 769 1768 praeoipuam
804 1682 993 1747 infirmariae
1016 1703 1199 1768 pauperum
1223 1682 1335 1767 hospi-

285 1785 362 1850 talia
394 1785 509 1850 Sancti
533 1785 625 1850 Petri
659 1785 807 1862 Eboraai,
830 1785 866 1848 in
900 1805 967 1868 qua
989 1785 1055 1848 viri
1086 1806 1107 1850 a
1138 1785 1332 1850 mulieribus

286 1887 448 1973 segregati
480 1893 726 1964 eonversantur,
760 1886 949 1971 sumptibus
987 1887 1056 1952 suis
1095 1887 1236 1973 propriis
1274 1909 1333 1972 pro

286 1989 409 2074 majora
431 1995 525 2074 parto
549 1989 781 2062 construxisse,
805 1992 841 2052 et
862 1987 926 2051 alia
952 1987 1058 2052 multa
1079 1988 1215 2074 pietatis
1232 2009 1331 2073 opera

284 2090 397 2155 fecisse
420 2095 628 2156 memoratur.
675 2089 741 2155 Hie
763 2090 877 2174 itaque
899 2089 1099 2154 venerabilis
1131 2090 1252 2175 praesul
1275 2090 1336 2155 Jo-

285 2192 420 2269 haunes,
436 2189 556 2278 super²
571 2213 683 2256 omnes
698 2189 973 2276 praedsoessores³
997 2196 1032 2256 et
1047 2211 1245 2258 successores
1260 2213 1337 2256 suos

285 2294 499 2358 Eboraoensis
522 2293 665 2358 ecelesiae
685 2293 952 2378 archiepiscopos,
969 2292 1128 2378 dapsilis,⁴
1151 2293 1336 2370 munifiouS,

285 2397 374 2462 etin
400 2396 582 2460 retinendis
605 2395 768 2459 militibus
800 2394 1002 2460 honorabilis
1034 2395 1335 2480 incomparabiliter

285 2499 438 2576 existens
461 2497 618 2562 honorem
641 2496 785 2562 eeclesiae
817 2497 871 2562 oui
903 2497 1048 2583 praefuit,
1072 2503 1106 2562 et
1127 2497 1264 2584 gloriam
1300 2498 1335 2561 in

285 2601 437 2665 omnibus
460 2599 648 2684 quaerebat,¹
671 2603 705 2662 et
738 2597 953 2680 laudabiliter
985 2599 1020 2661 in
1043 2619 1144 2664 manu
1179 2599 1337 2664 tenebat.l

286 2703 398 2788 Hujus
421 2703 635 2788 pontificatus
667 2721 755 2766 anno
790 2701 916 2786 quinto,
940 2701 976 2764 in
999 2700 1085 2766 festo
1109 2700 1224 2767 Sancti
1250 2701 1335 2766 Bar-

284 2805 379 2870 nabae
413 2803 575 2888 Apostoli,
599 2801 765 2867 Henrious
799 2801 841 2865 da
864 2799 1010 2866 Newerk
1046 2801 1235 2868 installatus
1269 2803 1335 2868 luit

284 2907 320 2971 in
343 2907 504 2972 deoauatu
528 2903 671 2970 ecelesiae
694 2903 788 2970 Beati
814 2903 904 2968 Petri
927 2903 1074 2970 Eboraci.

330 3007 441 3092 Hujus
464 3007 564 3071 etiam
599 3005 811 3090 pontificatus
844 3027 931 3071 anno
954 3005 1007 3084 vi,
1039 3005 1223 3072 Dominirae
1256 3027 1335 3072 vero
1348 3015 1483 3090 The-lou

285 3105 545 3176 namaoonar
577 3124 713 3184 uccxc,
736 3107 774 3172 in
807 3107 951 3174 erastino
974 3109 1182 3186 Animarum,
1206 3081 1504 3198 exulaufflhflp·

283 3211 419 3277 fuerunt
440 3210 552 3276 Judaei
575 3231 596 3274 a
617 3230 717 3295 regno
740 3207 881 3294 Angliaa,
904 3217 939 3274 et
969 3209 1031 3275 hoo
1053 3209 1167 3274 eodem
1190 3211 1245 3276 dio
1275 3231 1334 3296 per

283 3319 389 3380 totam
411 3311 576 3398 Angliam

329 3413 453 3480 Eodem
484 3411 618 3480 autom⁷
649 3431 739 3477 anno
773 3411 987 3497 pontificatus
1018 3412 1101 3480 dieti
1135 3414 1241 3498 patris
1273 3413 1333 3480 Jo·
1347 3418 1471 3470 Theseu

283 3517 411 3594 hannis,
452 3513 635 3580 Dominieea
668 3535 747 3579 vero
779 3513 1037 3580 iucarnationis⁸
1069 3515 1233 3591 nocuos?
1263 3518 1333 3582 viii.
1347 3485 1454 3602 iffi&

283 3619 358 3684 idus
381 3617 513 3704 Aprilis,
546 3614 672 3681 seilioet
681 3613 705 3654 ¹⁰
728 3615 781 3680 die
806 3615 943 3682 Veneris
976 3617 1128 3700 proxima
1159 3623 1235 3704 post
1268 3618 1335 3684 Do·
1348 3618 1453 3668 minster

283 3707 438 3788 mininam
462 3741 528 3804 qua
550 3717 748 3784 cantabatur
769 3716 897 3782 latore
921 3717 1122 3796 Jeaaauu
1145 3687 1379 3802 inchoatum}
1399 3701 1504 3804 ”lim

283 3824 350 3888 fuit
372 3823 626 3888 fundamentum
658 3819 756 3884 navia
789 3819 923 3904 majoris
956 3819 1100 3886 ecelesiae
1124 3821 1219 3886 Beati
1244 3821 1335 3888 Petri

284 3925 423 3990 Eboraoi
457 3946 478 3989 a
510 3929 603 4009 parte
645 3921 783 3986 australi
818 3921 862 3986 ad
900 3921 1072 4002 orientem,
1110 3925 1335 4008 praesentibus

282 4026 421 4114 praefato
455 4025 608 4091 Johanne
645 4023 896 4110 archiepiscopo,
929 4021 1074 4088 Henrioo
1107 4024 1149 4090 de
1187 4023 1334 4091 Newerk

317 4330 324 4362 ¹
343 4329 488 4394 eunonium]
509 4326 742 4390 concanonicus.
867 4326 1034 4376 ⁶Dominicoe
1056 4341 1114 4376 uero
1137 4327 1333 4392 iucarnationis]

315 4409 326 4442 ²
343 4408 432 4474 super]
452 4423 537 4472 snpra,
549 4407 579 4455 n.
834 4421 902 4456 anno
914 4421 976 4455 vero
987 4405 1098 4468 Domini,
1111 4407 1145 4456 A.

315 4487 549 4554 ’prodecessoreq
570 4501 629 4536 suos
648 4487 694 4534 ias.
708 4487 737 4535 B.
750 4485 783 4535 D.
867 4483 877 4520 ⁷
895 4485 989 4550 utitem]
1011 4501 1061 4534 om.
1074 4487 1103 4535 lb.

281 4567 308 4620 θ’
866 4563 877 4594 ⁸
898 4563 1034 4612 Dominieor
1057 4581 1115 4613 aero
1138 4566 1334 4634 iucomotioleis]

307 4603 325 4678 ⁸⁴
343 4645 463 4710 dapalis]
484 4652 510 4694 et
522 4645 568 4694 ina.
580 4645 611 4694 E.
624 4644 656 4694 G.
834 4649 861 4692 et
872 4658 937 4692 anno
950 4643 1063 4704 Domini,
1074 4645 1109 4694 A.

316 4725 326 4756 ⁵
345 4723 577 4789 lamentaretur]
599 4725 784 4784 manutenebat,
867 4721 1009 4787 maceca]
1029 4721 1125 4773 seilicet
1137 4725 1229 4776 im.A.

281 4805 311 4856 Ε.
868 4801 888 4834 ¹⁰
905 4800 1015 4868 seilicet]
1036 4817 1086 4853 om.
1099 4802 1129 4854 Ε.
1142 4803 1175 4856 G.
