3530 5790
401 791 465 858 376
748 805 946 856 cnuouronn
969 807 1012 856 or
1034 807 1105 856 ‘rur

399 994 504 1060 literis
527 995 738 1081 singulariter
762 995 869 1060 missis
900 993 962 1062 hoc
991 994 1080 1061 idem
1110 994 1287 1080 praecepit¹
1332 1003 1443 1060 Videas

399 1095 490 1163 igitur
513 1084 583 1150 rex²
598 1094 674 1165 quod
696 1112 763 1149 eum
786 1085 912 1149 diutius
927 1095 1052 1150 retinere
1074 1111 1134 1148 non
1157 1099 1279 1164 poterut,
1296 1094 1443 1148 licentium
1457 1108 1550 1172 Hugh,
1564 1121 1589 1169 p,

399 1185 523 1238 abeundi
539 1184 687 1238 concessit.
734 1174 800 1254 Qui
824 1175 984 1238 festinans
1007 1184 1130 1237 Turonis
1153 1174 1298 1237 Romsm⁸
1321 1183 1441 1247 invenit,
1459 1180 1553 1225 16]·2·

400 1264 457 1327 ubi
480 1287 501 1329 s
522 1263 655 1327 domino
686 1285 771 1348 pepe
795 1269 829 1328 et
851 1291 869 1326 a
891 1267 962 1328 totu
985 1273 1064 1326 curie
1087 1272 1244 1326 honorifice
1266 1269 1443 1346 susceptus

400 1353 463 1437 ipsi
486 1381 568 1433 pupae
591 1369 621 1416 et
643 1362 730 1416 curies
753 1353 946 1416 individuus
970 1379 1021 1432 per
1044 1361 1198 1416 dimidium
1220 1379 1328 1415 annum
1352 1379 1444 1414 comes

400 1443 535 1506 effectus
567 1449 624 1506 est.
671 1450 759 1505 Dedit
783 1469 895 1521 quoquc
919 1451 996 1505 Deus
1019 1451 1062 1504 illi
1090 1452 1214 1520 gratiam
1238 1452 1268 1504 in
1292 1456 1444 1521 conspectu

400 1543 476 1610 regis
499 1541 640 1606 anciae,
657 1541 865 1610 episcoporum,
890 1541 1053 1612 principum
1076 1537 1110 1594 et
1133 1557 1293 1610 procerum,
1317 1536 1352 1594 el
1378 1551 1444 1594 om-

230 1641 331 1690 Tumrin
344 1643 366 1693 is
401 1621 494 1683 nium
510 1630 559 1700 qui
578 1629 615 1682 sd
636 1647 740 1700 popum
757 1628 883 1699 undiquc
898 1627 1096 1683 confluebant.
1135 1619 1204 1683 Ubi
1219 1625 1331 1684 autem
1347 1627 1444 1683 Remis

232 1722 365 1757 mmm
400 1725 518 1772 ventum
542 1724 596 1784 est,
621 1730 694 1773 cum
720 1708 968 1773 Cantusriensis
1001 1707 1263 1793 archiepiscopus
1292 1729 1358 1773 non
1389 1730 1444 1772 ve·

231 1778 273 1822 ted
287 1777 318 1837 by
333 1777 375 1824 ¹¹¹⁹
399 1800 510 1874 nisset,
537 1827 590 1861 nec
622 1819 680 1882 pro
712 1819 745 1861 se
778 1807 945 1860 canonicum
970 1807 1182 1860 excusationem
1210 1797 1359 1872 misisset,
1392 1797 1444 1861 dle

229 1849 340 1956 iiiiii.
400 1887 581 1963 Dominicu,
613 1897 643 1950 in
681 1896 834 1966 metropoli
872 1896 992 1950 ecclesio
1025 1895 1122 1950 Beetae
1161 1895 1272 1960 Murius,
1307 1887 1344 1950 in
1381 1907 1446 1970 qus
1734 1903 1735 1980 l

228 1973 289 2085 Ἢ)
301 1974 373 2088 1191*ῗὸ
396 1995 579 2053 numeretur
611 1994 690 2052 sunt
727 2007 940 2072 personarum
980 1987 1202 2072 personalium
1232 1988 1336 2073 virgae
1366 2009 1443 2053 coco
1735 1998 1736 2050 l

258 2075 263 2085 ’
293 2078 298 2087 ’
378 2078 498 2167 ¹suiv,
530 2091 587 2175 qui
625 2091 668 2154 od
700 2089 858 2156 Generule
893 2090 1077 2155 Concilium
1116 2095 1284 2166 venerant,
1324 2090 1445 2155 Eboro-
1736 2092 1737 2132 l

395 2195 500 2258 censis
538 2195 660 2258 electus
698 2193 883 2268 Turstinus,
916 2203 1077 2257 astantibus
1106 2209 1136 2257 et
1167 2203 1390 2257 assentientibus
1415 2209 1495 2258 etls
1508 2225 1534 2272 p.
1552 2215 1608 2257 res.
1737 2186 1738 2220 l

395 2292 633 2361 coadjuvantibus
656 2297 701 2346 tot
731 2297 762 2346 et
784 2293 873 2346 tentis
896 2292 1035 2362 personis,
1064 2292 1175 2346 domini
1199 2309 1283 2364 pupae
1310 2281 1444 2357 Culixti,

395 2388 532 2451 umquem
549 2383 631 2435 Beuti
652 2381 742 2444 Petri,
758 2381 901 2445 munibus,
917 2371 1170 2452 mohiepiscopus⁴
1192 2385 1373 2436 consecratus
1389 2386 1444 2445 est,

395 2467 429 2525 et
452 2471 498 2524 die
521 2471 571 2524 xii.
595 2476 660 2540 post
682 2471 926 2524 consecrationem
949 2482 1042 2524 suam
1065 2471 1188 2541 pellium
1211 2461 1347 2545 accepit.

416 2749 563 2830 Qussro
586 2767 705 2814 suone
727 2766 885 2814 nonnius
908 2765 994 2814 rurs
1019 2766 1061 2812 nr
1084 2747 1325 2814 cssorusnss⁵
1348 2765 1421 2813 uun

747 2847 1089 2914 strenuosissimus!

226 3048 360 3100 Turstinis
440 3027 555 3092 Soluto
580 3027 736 3106 Concilio,
755 3051 829 3094 cum
852 3029 974 3093 reversi
998 3029 1141 3113 episcopi
1164 3027 1295 3113 Angliae
1317 3027 1387 3113 regi
1410 3032 1445 3090 et

225 3117 348 3230 {Effluet
394 3129 637 3215 archiepiscopo
675 3130 817 3214 qualiter
863 3137 1009 3193 secretus
1048 3136 1133 3193 esset
1178 3129 1347 3205 referrent,
1385 3149 1444 3192 rex

226 3249 342 3311 Eumnd
394 3228 480 3282 fidem
504 3230 667 3298 spopondit,
692 3230 739 3283 vel
771 3247 800 3282 sc
824 3228 1009 3299 spopondisse
1032 3228 1116 3293 dixit,
1140 3227 1217 3298 quod
1247 3228 1279 3280 in
1309 3227 1371 3280 vitu
1393 3221 1534 3287 susim·
1550 3230 1607 3273 1θῦ-

225 3315 380 3380 byHenryJ·
394 3317 545 3370 Turstinus
569 3318 798 3388 archiepiscopus
814 3319 953 3387 Anglism
976 3335 1035 3370 non
1059 3317 1276 3386 ingrederetur,¹
1286 3306 1351 3370 nisi
1368 3315 1443 3369 Oun-

393 3408 530 3460 tuuriensi
555 3409 759 3476 professionem
784 3408 898 3460 fuceret.
946 3397 1053 3461 Tanto
1088 3396 1250 3480 siquidem
1285 3395 1444 3459 adversus

392 3496 490 3562 eum⁷
514 3520 573 3583 pro
604 3499 848 3563 consecratione
882 3520 943 3564 suu
976 3499 1144 3562 ferebatur
1176 3497 1261 3574 odio,
1293 3497 1380 3582 quod
1410 3497 1443 3560 in

329 3593 332 3600 ’
392 3600 553 3685 colloquio
577 3600 678 3685 juxto
701 3601 883 3665 Gisortium
906 3601 947 3666 de
970 3600 1143 3665 concordie
1165 3600 1305 3664 duorum
1328 3620 1442 3686 regum

425 3849 432 3879 ¹
448 3848 580 3914 precepit]
602 3847 632 3897 ln
653 3848 684 3898 B.
696 3851 745 3897 and
759 3851 818 3898 (hs
835 3863 890 3897 new
977 3851 987 3883 ⁴
1005 3847 1220 3916 archiepiscopus]
1240 3849 1375 3900 Ttnstinuu
1395 3849 1441 3898 ins.

391 3928 492 3990 chapter
510 3929 598 3992 begins
617 3927 677 3976 here
697 3927 758 3975 with
782 3927 826 3977 the
842 3927 890 3975 fol·
943 3927 976 3976 A.
990 3927 1019 3979 C.
1033 3929 1065 3978 D.
1076 3927 1106 3976 F.

390 4007 483 4070 lowing
511 4007 575 4067 title,
603 4006 751 4066 “Qualiter
782 4007 890 4056 Sanctus
974 4003 1159 4070 ⁶curdiuules]
1196 4004 1360 4055 Thurstinum
1400 4019 1442 4053 sr-

389 4093 404 4112 “
423 4085 572 4134 'lhurstiuus
583 4085 679 4147 primus
690 4083 889 4148 archiepiscopo-
941 4084 1128 4148 ehiepiscopum
1140 4086 1186 4134 ius.
1197 4085 1229 4134 B.

389 4171 404 4191 ⁸⁶
422 4181 477 4212 rum
490 4164 686 4213 Eborucensium
703 4180 749 4227 per
761 4163 890 4226 Apostoli·
974 4161 1226 4228 6αηιρὶιεὶεὸιιπτιιν]
1264 4169 1291 4212 et
1335 4159 1441 4227 qualiter

388 4247 404 4272 ¹‘
423 4260 480 4292 cum
493 4245 623 4294 Culixtum
635 4250 794 4293 consecratus
806 4250 852 4300 est,
864 4250 890 4292 et
940 4241 1045 4290 ecelesia
1058 4241 1226 4291 libor-scennis
1238 4240 1351 4291 redditur
1361 4239 1441 4290 libers

387 4327 403 4350 ‘⁴
423 4325 480 4385 (de)
492 4325 546 4387 ejus
559 4322 737 4386 persecutione.
773 4321 805 4372 G.
815 4321 889 4372 omits
939 4335 955 4368 a
977 4319 1134 4383 professione
1155 4319 1269 4370 facienda
1287 4317 1441 4380 eantuariae,

388 4401 432 4450 tho
452 4409 503 4450 rest
520 4401 549 4450 of
567 4401 617 4450 this
637 4401 749 4464 chapter,
772 4402 822 4449 und
844 4400 888 4450 the
939 4398 970 4446 B.

388 4479 441 4528 title
454 4479 484 4527 of
493 4480 534 4528 the
547 4487 617 4528 next.
971 4475 982 4514 ⁷
1000 4477 1121 4527 cdverm
1137 4475 1203 4542 eum]
1224 4491 1276 4527 om.
1287 4477 1334 4536 Εἲς
1351 4481 1440 4526 contra

421 4558 431 4590 ²
446 4558 503 4624 rer]
524 4574 575 4608 om.
587 4559 621 4607 A.
938 4573 1005 4618 eum,
1018 4559 1050 4606 Δ.

420 4635 562 4701 ³Romcun]
584 4638 725 4685 ltomsuum
744 4649 844 4699 papum,
854 4639 886 4685 A.

387 4718 417 4766 Β.
431 4717 460 4770 C.
474 4718 508 4768 D.
519 4719 566 4776 F.;
583 4718 693 4769 Romam
705 4719 824 4778 venitm
