3586 5802
637 890 683 939 ar
705 889 807 942 suen
830 889 900 940 rus
923 888 1094 940 charron.
1320 873 1384 944 187

332 1084 436 1162 esset3
458 1079 547 1167 quod
569 1079 599 1147 si
620 1081 841 1167 responderet,
863 1080 907 1146 ad
922 1100 976 1146 eos
999 1076 1177 1144 mandatus
1193 1075 1287 1142 brevi
1310 1097 1382 1162 per·
1396 1089 1502 1142 Turstin

331 1183 462 1249 venisse
489 1188 609 1270 posset.
654 1183 908 1269 Archiepiscopo
942 1182 983 1248 de
1007 1179 1205 1264 Marciuiaco
1227 1200 1382 1266 regresso,
1394 1159 1471 1276 ἓξὲξ
1479 1165 1506 1208 ‘²‘

332 1285 469 1351 clericus
511 1307 610 1373 quem
658 1285 837 1370 reliquerat
885 1290 1006 1352 cuncta
1042 1283 1093 1348 illi
1130 1305 1189 1369 per
1232 1283 1381 1348 ordinem

332 1389 549 1456 enumeravit.
611 1388 741 1470 Quibus
779 1387 904 1454 auditis
942 1386 1013 1452 Deo
1048 1390 1082 1452 et
1116 1385 1250 1450 domino
1287 1405 1384 1471 papae

332 1493 456 1577 gratias
472 1493 548 1578 egit.
595 1491 725 1558 Dehinc
747 1491 790 1556 ad
812 1491 960 1576 legatum
983 1489 1144 1575 pervenit.

376 1593 482 1680 Prope
505 1599 578 1659 erat
611 1595 681 1660 dies
712 1593 874 1679 colloquio
906 1593 1065 1670 decretus,
1087 1591 1130 1656 ad
1165 1589 1253 1676 quod
1285 1610 1384 1656 vene·
1398 1613 1539 1664 rheinar-

332 1705 412 1761 runt
434 1717 493 1760 rex
517 1701 551 1761 et
572 1696 716 1782 episcopi
738 1717 814 1761 cum
836 1695 982 1760 militum
1004 1715 1126 1780 magna
1147 1691 1363 1757 multitudine
1376 1716 1384 1772 ;
1397 1679 1545 1811 {iss'gefakes

330 1797 459 1883 legatus
482 1819 557 1864 cum
580 1799 732 1886 episcopo
753 1817 821 1862 uno
836 1801 871 1862 et
892 1796 1065 1882 aliquanta
1079 1793 1269 1862 clericorum
1284 1794 1385 1860 bono-

331 1922 405 1964 rum
436 1901 601 1966 societate.
647 1899 825 1985 Proposuit
846 1920 906 1965 rex
938 1899 979 1964 de
1002 1897 1108 1964 literis
1131 1897 1258 1963 domini
1280 1917 1384 1985 papae,
1398 1911 1452 1962 The
1465 1911 1528 1979 king

332 2003 419 2088 quod
444 2007 607 2089 praecepto
630 2003 661 2068 ei
684 2002 817 2067 obedire
848 2001 1009 2088 nequibat
1040 2005 1175 2087 propter
1205 1999 1284 2066 fidei
1315 2021 1385 2065 suae
1397 1978 1547 2096 fflffilifg'l'

331 2105 588 2191 promissionem,
611 2105 676 2170 nisi
700 2105 913 2171 Eboracensis
947 2102 1213 2190 archiepiscopus
1237 2102 1383 2169 Cantua-
1397 2111 1514 2176 promise.

330 2207 432 2272 riensi
454 2207 508 2272 vel
531 2206 735 2292 personalem
758 2207 813 2272 vel
834 2198 1049 2292 temporalem
1071 2205 1196 2272 faceret
1210 2205 1385 2292 professio-

331 2331 416 2387 nem,
439 2315 474 2374 et
502 2331 590 2396 papa
612 2331 721 2396 regem
744 2311 787 2374 ad
821 2309 921 2374 fidem
952 2308 1138 2374 laedendam
1170 2329 1283 2394 cogere
1317 2329 1385 2374 non

333 2411 483 2478 debebat.
538 2413 613 2499 Ipse
645 2412 908 2498 archiepiscopus
938 2411 1138 2497 jamdudum
1171 2411 1315 2477 redierat
1348 2413 1385 2476 iu

331 2514 495 2600 Angliam.
557 2513 723 2601 Opposuit
755 2515 884 2600 legatus
919 2513 1156 2599 professionem
1187 2513 1280 2579 illam
1315 2535 1384 2580 esse
1397 2527 1492 2580 Which

331 2617 523 2694 indebitam,
561 2639 623 2684 nec
660 2617 882 2682 exhibendam
921 2616 1029 2694 fidem,
1067 2617 1097 2681 si
1135 2639 1251 2682 verum
1290 2595 1555 2712 essetgfflffs

332 2720 422 2786 intra
439 2721 608 2806 justitiam
635 2701 886 2806 praecipitatam,
909 2741 970 2786 nec
1004 2721 1189 2798 tenendam,
1213 2727 1247 2785 et
1280 2721 1384 2785 domi·
1396 2744 1489 2794 proper
1500 2745 1556 2780 ono.

333 2843 395 2886 nus
434 2843 520 2909 papa
557 2822 634 2886 inde
673 2844 748 2887 eum
783 2822 972 2887 absolverat
1005 2830 1039 2887 et
1070 2822 1270 2889 absolvebat.
1329 2822 1386 2886 Illi

332 2946 410 2990 vero
441 2929 475 2989 et
509 2924 652 2991 ecclesia
684 2923 843 2990 Romame
875 2923 999 3010 injuria
1033 2945 1154 3010 magna
1188 2924 1282 2990 illata
1316 2930 1388 2990 erat

333 3026 421 3112 quod
443 3026 707 3114 archiepiscopus
730 3027 883 3093 manibus
907 3027 979 3112 ejus
1001 3032 1208 3092 consecratus
1224 3027 1298 3092 ideo
1313 3049 1387 3114 spo-

333 3127 433 3192 liatus
457 3127 624 3195 exulabat.
671 3127 722 3194 Ea
752 3133 887 3215 propter
918 3129 1038 3194 saltem
1068 3149 1158 3194 nnnc
1191 3129 1324 3195 demum
1357 3129 1387 3194 ei

333 3230 552 3296 obediendum
576 3235 656 3309 erat,
680 3251 755 3296 cum
778 3231 864 3296 nihil
895 3231 961 3296 nisi
991 3231 1161 3316 justitiam
1194 3233 1388 3318 perciperet,

332 3333 481 3418 alioquin
504 3355 578 3419 quae
601 3335 769 3400 sententia
802 3335 990 3412 sentiretur,
1013 3338 1048 3400 et
1071 3335 1237 3414 velociter,
1260 3336 1292 3402 ei
1318 3357 1387 3402 non

333 3437 477 3502 reticuit.

377 3538 544 3623 Utrinque
583 3539 787 3604 sermonibus
834 3540 949 3606 multis
986 3541 1114 3626 placide
1152 3547 1187 3607 et
1229 3543 1386 3609 iracunde
1398 3551 1452 3602 The
1463 3551 1524 3618 king

333 3641 449 3727 positis
472 3645 507 3706 et
529 3641 700 3727 appositis,
724 3664 783 3706 rex
806 3643 942 3708 tandem
965 3644 1105 3708 assensit
1137 3645 1225 3730 quod
1258 3647 1300 3710 de
1334 3619 1555 3736 ατ-ξὲζῗζζζὸω

333 3743 578 3830 chiepisoopatu
611 3766 688 3808 eum
719 3745 903 3824 revestiret,
934 3751 1068 3812 tantum
1106 3752 1146 3812 nt
1179 3747 1222 3814 ad
1254 3753 1385 3837 tempus
1398 3751 1499 3830 'rursm
1511 3753 1533 3802 if

332 3846 375 3910 ab
398 3847 548 3932 ingressu
571 3846 705 3933 Angliae
727 3848 919 3926 abstineret,
943 3855 978 3914 et
1009 3849 1071 3916 hoc
1092 3849 1240 3936 legatum
1272 3873 1384 3919 exora-
1397 3819 1518 3948 igeffm

333 3949 392 4014 bat
413 3953 454 4014 ut
475 3949 674 4015 concederet
722 3949 819 4030 Quod
841 3973 916 4017 cum
939 3952 1067 4037 legatus
1090 3953 1126 4017 id
1148 3975 1182 4019 se
1205 3954 1310 4020 faeere
1326 3952 1553 4028 necosunglmc

920 4053 927 4068 .
973 4055 980 4068 .
1295 4057 1302 4072 .
1397 4018 1544 4069 foratrme.

332 4051 418 4116 velle
440 4072 501 4118 nec
523 4051 642 4118 debere
674 4053 894 4139 responderet,
917 4059 1122 4121 rusmuatum
1155 4061 1205 4122 est
1235 4080 1313 4144 regr,
1337 4063 1384 4138 ut,
1398 4109 1488 4161 There
1506 4119 1546 4161 ate

333 4155 442 4241 ipsum
476 4153 757 4242 archiepiscopum
791 4157 969 4244 requirens,
1008 4179 1084 4224 eum
1127 4167 1315 4245 precaretur
1346 4125 1531 4242 utisagsiist

333 4256 534 4336 concederet,
558 4258 655 4323 etde
679 4279 833 4326 concessu
856 4281 915 4326 suo
946 4261 1037 4347 apud
1068 4261 1214 4349 legatum
1246 4243 1458 4334 interce-‘hit

334 4360 436 4437 deret,
459 4359 622 4426 mandans
645 4361 735 4447 quod
757 4383 835 4448 erga
857 4383 892 4428 se
914 4362 1032 4429 melius
1055 4363 1086 4430 ei
1108 4365 1186 4432 inde
1218 4369 1387 4458 continge-

334 4467 394 4528 ret.

380 4564 553 4651 Colloquio
585 4565 656 4654 ipse
688 4587 755 4632 non
789 4566 958 4648 intererat,
992 4570 1050 4635 sed
1084 4572 1256 4640 castellum
1290 4579 1390 4664 paulo

334 4673 412 4734 ante
453 4668 627 4754 ingressus,
663 4668 765 4735 donec
802 4671 1016 4738 mandaretur
1046 4673 1127 4740 alibi
1168 4681 1390 4765 exspectabat,

334 4771 639 4857 donec'requisitus
662 4793 721 4859 per
743 4773 862 4859 probos
885 4779 920 4842 et
942 4774 1099 4846 honestos
1121 4779 1219 4848 viros.
1267 4783 1391 4865 Quam·
