3606 5798
439 824 505 889 302
717 837 959 888 anonumum
981 837 1156 888 nmnrrrro
1179 838 1223 887 ro

439 1021 590 1087 beneficii
612 1022 659 1088 sic
685 1021 807 1090 collati.
854 1021 899 1086 Et
921 1021 968 1088 sio
990 1019 1043 1086 his
1066 1021 1184 1086 diebus
1205 1040 1274 1088 non
1296 1024 1495 1106 promovent

439 1123 575 1208 aliquos,
598 1124 664 1188 nisi
696 1146 773 1188 suos
795 1123 882 1188 filios
916 1123 1047 1209 spurios
1070 1127 1105 1188 et
1127 1127 1295 1208 cognatos,
1319 1143 1429 1188 secum
1459 1121 1495 1184 in

438 1225 582 1310 peccatis
619 1227 808 1292 enormibus
845 1225 1044 1304 laborantes,
1084 1231 1119 1290 et
1149 1225 1388 1292 commensales
1400 1250 1409 1305 ;
1447 1225 1497 1290 ita

440 1326 529 1411 quod
559 1349 618 1412 per
651 1328 742 1392 istud
776 1331 941 1392 statutum
974 1327 1161 1394 destruitur
1184 1327 1290 1394 clerus
1323 1326 1498 1394 Universi-

271 1434 366 1510 Apris
440 1433 559 1506 tatum,
592 1430 670 1515 quia
700 1429 826 1494 milites
858 1434 893 1495 et
928 1430 1095 1516 armigeri,
1128 1433 1328 1499 mercatores
1360 1433 1396 1494 ct
1424 1433 1497 1494 tcta

270 1506 428 1617 ppppppvtg
439 1531 534 1616 regni
556 1531 775 1626 communitas
797 1531 910 1618 potius
925 1531 1056 1617 eligunt
1077 1531 1165 1596 filios
1188 1552 1266 1598 suos
1288 1536 1324 1596 et
1339 1535 1495 1616 cognatos

269 1632 343 1682 sities.
439 1634 660 1720 apprenticios
682 1633 799 1712 facere,
823 1634 878 1699 vel
893 1634 1095 1700 constituero
1118 1633 1155 1696 in
1178 1632 1292 1718 aliqua
1315 1638 1387 1698 arte
1411 1637 1495 1696 tem·

333 1814 340 1826 ,
439 1734 544 1820 pcrali
576 1735 630 1800 vel
667 1735 827 1812 saeculari,
861 1757 961 1821 quam
992 1735 1036 1800 ad
1058 1733 1206 1820 aliquam
1229 1734 1495 1800 Universitatem

438 1857 498 1921 pro
520 1836 645 1903 clericis
668 1836 786 1902 fiendis
809 1837 942 1903 mittere
972 1835 1028 1902 vel
1050 1836 1237 1916 destinare3
1267 1841 1303 1902 et
1334 1836 1381 1901 sic
1403 1835 1494 1900 istud

437 1941 603 2004 statutum
637 1937 817 2004 nefandum
847 1959 916 2004 non
938 1937 1043 2004 solum
1081 1943 1134 2003 est
1157 1937 1388 2024 derogativum
1407 1936 1493 2021 juris

439 2039 553 2106 Sancti
576 2040 676 2120 Petri,
699 2041 842 2108 ecclesiae
857 2041 1017 2108 Romanas
1040 2045 1076 2106 et
1097 2039 1313 2127 Anglicanas3
1342 2059 1493 2106 verume·

440 2141 522 2208 tiam
546 2148 596 2207 cst
630 2143 873 2208 destructivam
895 2143 975 2210 cleri
998 2141 1270 2207 Universitatum
1294 2140 1435 2206 Oxoniae
1459 2144 1494 2204 et

440 2242 673 2329 Cantabrigiae,
695 2249 738 2321 et,
762 2266 820 2330 per
842 2265 1053 2329 consequens
1084 2244 1187 2328 regni,
1210 2242 1351 2318 militiae,
1375 2246 1409 2306 et
1431 2239 1495 2305 rei·

271 2345 581 2434 r'orthishepublicae
593 2370 601 2426 ;
624 2344 715 2432 quis¹
737 2368 781 2412 err
803 2367 870 2412 uno
892 2367 1021 2431 semper
1036 2346 1186 2430 sequitur
1209 2345 1310 2411 aliud
1350 2344 1396 2408 Et
1418 2343 1494 2408 ideo

268 2441 406 2544 ffiffi'
439 2449 636 2535 praedictum
659 2448 850 2526 Hernicum,
872 2452 1031 2534 tanquam
1066 2446 1292 2534 principalem,
1315 2467 1495 2530 omnesque

439 2549 521 2616 alios
543 2551 607 2617 hoc
628 2553 792 2616 statutum
826 2550 1049 2626 concedentes,
1081 2548 1381 2614 excommunicatos
1413 2547 1494 2614 dici-

440 2673 516 2717 mus
545 2653 613 2718 fore
638 2653 710 2738 ipso
731 2651 815 2738 jure,
832 2656 867 2718 et
894 2649 1196 2720 excommunicatos
1220 2650 1257 2714 in
1279 2648 1332 2714 his
1363 2647 1496 2734 scriptis
1538 2709 1540 2714 .

440 2754 687 2820 denuntiamus.
1477 2775 1483 2784 ·
1518 2745 1522 2753 ¹

270 2863 293 2906 ⁹·
312 2857 391 2910 creas
485 2856 600 2935 NON0‚
633 2856 795 2941 ponimus,
830 2853 1047 2932 decemimus,
1070 2853 1264 2939 excipimus,
1294 2858 1329 2918 et
1358 2851 1497 2938 probare

268 2925 426 3055 {lffffiffy
439 2958 652 3035 intendimus,
675 2979 744 3035 nos,
767 2961 996 3043 procuratores
1019 2955 1190 3035 antedicti,
1215 2959 1331 3021 contra
1369 2953 1495 3019 dictum

268 3056 425 3108 hmenrued.
438 3061 612 3126 dominum
644 3059 836 3134 Henricum,
861 3057 949 3142 quod
984 3062 1160 3144 postquam
1196 3056 1285 3122 idem
1319 3055 1496 3132 Hernicus,

437 3161 600 3226 malitiose
631 3165 666 3226 et
689 3161 881 3245 tyranniter
903 3159 976 3236 sibi,
999 3164 1038 3224 ut
1069 3159 1296 3245 praemittitur,
1320 3157 1496 3243 usurpavit

437 3263 585 3348 regimen
606 3261 708 3349 regni,
733 3261 900 3346 regaliam,
935 3267 970 3326 et
994 3281 1157 3337 coronam,
1188 3281 1361 3345 nunquam
1384 3258 1496 3344 viguit

437 3363 569 3449 Anglia,
595 3383 657 3430 nec
688 3362 824 3448 vigebit,
848 3359 1132 3448 prosperabatur²
1154 3383 1215 3428 nec
1246 3362 1496 3448 prosperabitur

438 3465 475 3529 in
497 3465 582 3532 clero
604 3485 665 3532 nec
691 3464 728 3529 in
750 3464 895 3550 popul03
924 3468 959 3529 et
981 3463 1094 3530 omnis
1115 3463 1322 3529 nobilissima
1345 3468 1380 3528 et
1402 3462 1497 3528 ditis-

439 3568 524 3633 sima
560 3589 618 3654 per
664 3566 775 3632 felices
813 3587 906 3651 reges
947 3565 1080 3652 Angliae
1125 3565 1349 3653 praecedentes
1387 3565 1496 3651 gratia

437 3668 564 3736 Divina
595 3674 629 3733 ct
661 3668 761 3733 armis
793 3665 995 3732 militaribus
1026 3687 1085 3752 per
1125 3671 1352 3752 conquaestum
1388 3666 1494 3731 eidem

437 3793 539 3859 regno
580 3775 615 3836 et
648 3791 775 3837 coronae
814 3768 988 3854 acquirite,
1018 3773 1059 3834 ut
1097 3773 1190 3854 puta,
1221 3789 1378 3854 generosa
1407 3772 1496 3834 terra

439 3873 636 3961 Aquitanis,
671 3872 793 3938 nobilis
828 3875 917 3936 terra
947 3869 1079 3948 Wallia,
1104 3875 1138 3935 et
1170 3869 1289 3935 fertilis
1321 3875 1410 3936 rena
1432 3869 1497 3934 Hi·

436 3980 562 4057 bernia,
584 3999 644 4044 suo
665 3982 812 4064 tempore
844 3977 924 4040 sunt
954 3975 1104 4042 totaliter
1129 3975 1260 4061 perdita
1283 3980 1318 4042 et
1339 3997 1473 4042 reversa
1485 4001 1494 4056 ;

405 4109 408 4118 ·
438 4089 479 4161 et,
503 4082 593 4168 quod
614 4080 708 4167 pejus
733 4084 792 4156 est,
814 4083 904 4143 terra
934 4081 1049 4143 nostra
1072 4077 1168 4162 qussi
1201 4082 1275 4142 tota
1306 4077 1342 4142 in
1374 4083 1492 4142 semet

437 4185 510 4270 ipsa
539 4188 590 4249 est
624 4181 731 4246 divisa
766 4184 801 4246 et
823 4179 1010 4258 destructa;
1040 4199 1116 4245 cum
1147 4179 1337 4244 exactiones
1373 4183 1408 4243 et
1437 4178 1494 4243 de-

437 4284 635 4352 structiones
657 4281 819 4368 plurimae,
835 4278 1093 4346 innumerabiles
1108 4279 1319 4346 collectiones
1341 4279 1492 4365 pecunias

436 4386 474 4450 in
496 4384 582 4452 clerc
614 4389 648 4449 et
681 4383 718 4448 in
751 4381 883 4469 populo,
918 4381 1093 4448 annuatim
1125 4380 1163 4445 in
1194 4382 1343 4465 tempore
1375 4401 1435 4446 suo
1457 4385 1493 4445 et

438 4486 533 4572 quasi
565 4485 635 4549 sinc
670 4483 849 4550 cessatione
882 4483 950 4548 sint
983 4485 1124 4548 extortae
1158 4485 1192 4546 et
1227 4479 1391 4562 collectae3
1430 4501 1491 4548 nec

469 4731 478 4766 ¹
496 4733 570 4799 quia]
590 4732 667 4797 quod,
678 4731 713 4781 A.
951 4727 956 4796 Ι
1020 4727 1031 4763 ²
1044 4727 1258 4795 prosperabatur]
1279 4743 1324 4779 ons.
1336 4727 1371 4780 A.
