3538 5800
671 847 832 897 lucrosa
856 847 1029 895 mnurrro.
1323 833 1363 896 35

313 1031 449 1096 ecclesia
471 1031 628 1098 terribilis
651 1034 779 1122 fragor;
806 1035 864 1120 qui
887 1034 986 1100 tertio
1016 1034 1172 1098 intonans
1194 1033 1365 1098 audientes
1376 1041 1402 1091 in
1414 1042 1460 1092 the

313 1133 418 1199 nimio
433 1156 556 1220 pavore
572 1138 745 1215 concussit,
763 1157 895 1224 sagaces
909 1137 1037 1203 animos
1052 1135 1146 1200 illum
1169 1157 1236 1200 non
1258 1135 1365 1199 multo
1377 1109 1480 1159 mh·

312 1242 387 1322 post
410 1237 529 1304 saeculo
550 1239 773 1320 adimendum,
793 1245 827 1306 et
851 1263 893 1306 ex
915 1239 978 1306 hoo
999 1239 1171 1326 plerosque
1193 1238 1288 1326 gravi
1311 1243 1364 1301 tu-

312 1339 456 1406 multui¹
490 1342 678 1408 subdendos
716 1343 858 1420 edocuit,
896 1343 1104 1429 praemonuit,
1142 1341 1363 1430 praemunivit.

311 1441 463 1528 Denique
500 1445 654 1510 nonnulli
686 1467 780 1511 nosse
803 1445 961 1524 volentes,
984 1445 1146 1531 undequi
1168 1444 1366 1509 audiebatur

311 1564 411 1608 sonus
433 1545 643 1631 prodiente
676 1547 828 1612 domibus
857 1546 1031 1632 prodeunt,
1055 1551 1090 1611 et
1121 1546 1157 1610 in
1198 1545 1366 1612 ecclesiam

312 1647 553 1730 pervenientes,
575 1649 687 1714 omnia
717 1670 806 1726 sana,
839 1649 951 1714 omnia
982 1648 1120 1734 integra,
1155 1647 1265 1712 omnic
1299 1647 1367 1711 suis

312 1747 348 1810 in
370 1747 450 1814 locis
473 1749 571 1841 solito
594 1749 809 1816 consistentia
830 1750 990 1814 mirantes
1012 1748 1198 1814 inveniunt.

357 1853 408 1915 32.
432 1850 508 1916 Jam
544 1853 633 1938 quod
667 1853 833 1938 aliquibus
866 1874 925 1938 per
951 1853 1061 1916 visum
1092 1851 1159 1916 fuit
1192 1856 1368 1928 ostensum,
1381 1853 1501 1904 Ariston

312 1953 442 2018 ruinam
464 1955 622 2021 videlicet
656 1957 797 2021 duarum
830 1956 974 2020 turrium
1007 1954 1131 2020 factum
1153 1954 1262 2033 fuisse,
1286 1919 1521 2041 prae-ssillsssffl

312 2057 461 2123 termitto
473 2083 481 2140 ;
504 2080 555 2136 ne,
578 2059 606 2124 si
639 2059 753 2125 dixero
785 2054 940 2124 illarumt
969 2057 1113 2122 turrium
1147 2078 1240 2124 casus
1272 2057 1369 2122 Beati
1380 2061 1471 2104 mm

313 2157 458 2224 Oswaldi
490 2167 525 2226 et
561 2161 691 2248 praefati
729 2161 821 2226 ducis
853 2159 1047 2225 AEthelwini
1083 2159 1296 2247 praesignasse
1334 2160 1370 2224 in

312 2266 452 2326 mortem
485 2283 624 2350 occasus,
656 2264 801 2329 aestimer
837 2262 921 2326 mihi
955 2262 1142 2327 futurorum
1187 2262 1383 2341 scientiam,-

313 2384 412 2448 quam
427 2383 494 2430 non
509 2364 623 2443 habeo,
640 2388 682 2431 ex
699 2361 764 2430 iis³
781 2387 855 2452 quae
877 2365 966 2430 facta
988 2365 1054 2430 scio
1073 2365 1147 2450 jure
1171 2364 1369 2429 deridendus

312 2486 486 2552 arrogasse.
542 2466 604 2532 Illo
643 2468 754 2556 igitur,
789 2473 828 2532 ut
865 2467 1019 2545 diximus,
1051 2467 1278 2555 praetermisso,
1310 2487 1370 2530 nos

313 2567 489 2654 gloriosum
523 2575 652 2656 patrem
676 2569 869 2636 Oswaldum
896 2569 966 2656 jam
994 2569 1143 2655 proxime
1166 2567 1262 2634 caelos
1284 2568 1370 2654 peti-

313 2669 449 2734 turum⁴
483 2672 712 2758 descripturos
735 2693 796 2737 sua
830 2692 925 2758 prece
957 2691 1110 2758 rogamus
1149 2670 1237 2734 idem
1275 2674 1371 2755 pater

314 2778 449 2838 tueatur
471 2779 506 2840 et
527 2775 673 2860 adjuvet.

359 2877 409 2939 33.
433 2875 484 2940 Ut
498 2874 624 2962 igiturt
638 2876 782 2942 famulus
798 2875 923 2942 Christi
947 2872 1143 2940 Osrualdus6
1165 2873 1370 2938 Remeseiam
1383 2881 1486 2932 Oswald

314 2975 421 3062 liquit,
445 2976 660 3063 Wigornam⁷
682 2979 775 3044 odiit.
822 2977 967 3064 Spiritus
990 2977 1111 3064 quippe
1135 2975 1292 3052 caritatis,
1313 2977 1370 3060 qui
1383 2957 1540 3066 lfflesssseh

313 3079 350 3142 in
372 3101 411 3144 eo
433 3080 518 3146 circu
540 3079 773 3167 Wigornenses
795 3102 854 3166 per
876 3079 1016 3166 gratiam
1040 3093 1133 3144 suam
1157 3101 1284 3166 semper
1306 3078 1370 3144 fer-

313 3181 445 3246 ventior
475 3187 555 3259 erat,
593 3204 633 3248 ea
663 3205 698 3248 re
731 3182 810 3249 illuc
847 3204 923 3248 eum
961 3203 1028 3247 non
1066 3181 1188 3267 injuria
1226 3182 1371 3248 creditur

313 3283 509 3363 adduxisse3
533 3285 610 3370 quia
633 3291 772 3350 noverat
806 3284 900 3348 illum
924 3305 962 3348 eo
985 3283 1111 3369 potiore
1133 3289 1266 3350 aeternae
1289 3285 1370 3350 vitae

313 3385 447 3472 praemio
482 3386 599 3451 debere
632 3387 841 3463 remunerari,
865 3407 931 3472 quo
963 3385 999 3449 in
1029 3386 1146 3471 majori
1179 3409 1266 3453 verse
1289 3388 1371 3454 oari-

314 3488 394 3552 tatis
416 3487 537 3554 affectu
560 3487 638 3554 huie
662 3489 741 3554 vitae
765 3487 975 3553 decedentem
998 3487 1203 3573 contingeret
1218 3489 1370 3554 inveniri.

315 3589 439 3655 Mansit
472 3591 584 3677 itaque
616 3591 663 3656 ibi
696 3591 855 3677 quamdiu
887 3591 924 3654 in
945 3611 1078 3676 corpore
1101 3591 1231 3671 mansit,
1255 3592 1371 3657 diebus

314 3713 352 3758 ac
389 3693 540 3758 noctibus
572 3693 643 3758 Deo
677 3693 860 3772 intendens,
894 3697 927 3757 et
964 3692 1030 3757 ier
1063 3713 1160 3756 suum
1194 3693 1294 3759 eundi
1328 3693 1371 3757 ad

314 3793 422 3859 Deum
444 3799 515 3860 toto
538 3795 708 3861 conamine
731 3817 849 3881 purum
873 3794 916 3860 ab
939 3794 1029 3860 omni
1050 3794 1218 3860 obstaculo
1240 3794 1369 3860 faciens.

316 3895 368 3960 Ob
391 3917 464 3982 quae
488 3896 597 3962 labore
621 3902 655 3962 et
677 3897 812 3982 insuper
834 3896 924 3961 senio
947 3895 1061 3972 fessus,
1084 3895 1240 3981 languore
1272 3897 1371 3960 corri-

314 3999 405 4084 pitur
438 3999 541 4085 gravi,
564 4021 622 4086 per
653 4021 751 4085 quem
786 4021 819 4063 se
854 3997 1022 4063 intellexit
1044 3996 1126 4062 alias
1149 3998 1190 4062 de
1212 3999 1277 4062 ista
1299 3997 1371 4063 vito

315 4101 432 4166 uoueri.
478 4101 629 4166 Aderant
651 4101 734 4168 sacri
758 4099 1025 4186 Quadregesimae
1052 4099 1131 4177 dies,
1155 4098 1223 4164 dies
1246 4099 1371 4166 scilicet

315 4204 350 4268 in
384 4203 504 4289 quibus
536 4203 674 4269 diversis
707 4202 813 4268 modis
846 4201 987 4266 diluitur
1009 4201 1097 4287 quod
1130 4199 1167 4264 in
1194 4201 1268 4266 aliis
1290 4203 1370 4267 enni

315 4305 430 4371 dicbus
445 4307 539 4371 varia
562 4307 748 4372 daemonum
771 4305 924 4370 illusione
947 4303 1152 4391 delinquitur
1164 4327 1172 4385 ;
1194 4326 1252 4370 seu
1275 4305 1370 4386 bono,

349 4531 356 4565 ¹
375 4531 503 4598 tumultur]
525 4532 646 4594 tumultu,
658 4533 692 4582 A.
897 4529 907 4560 ⁵
929 4529 964 4580 Ut
977 4529 1069 4595 ἐρίων]
1090 4529 1132 4591 Er,
1143 4531 1175 4583 B.

347 4611 358 4645 ²
375 4611 491 4677 illarum]
513 4613 630 4673 duarum,
642 4611 689 4660 ius.
702 4611 733 4660 Β.
899 4608 909 4640 ⁵
927 4608 1073 4674 Orwaldua]
1095 4608 1183 4674 igitur,
1196 4610 1241 4660 r'nr.
1254 4611 1285 4661 B.

347 4690 358 4724 θ
375 4692 421 4758 ite]
442 4692 492 4754 his,
503 4691 536 4741 B.
897 4687 907 4726 ⁷
924 4687 1008 4752 liquit,
1031 4688 1189 4754 Wipornum]
1217 4689 1326 4755 reliquit,
1344 4697 1369 4740 et

347 4769 359 4802 ⁴
373 4769 522 4836 petiturum]
543 4775 677 4834 petentem,
688 4770 723 4819 A.
866 4765 1032 4834 wigorniam,
1044 4767 1076 4818 B.

1170 4865 1190 4912 o
1214 4853 1234 4912 2
