3606 5798
435 875 498 941 :306
701 885 942 938 urscsmmrs
967 883 1140 936 ssmrmo
1163 888 1205 935 ro

436 1217 497 1282 III.
522 1219 591 1284 Hic
614 1217 741 1303 incipit
764 1216 980 1302 Martyrium
1007 1217 1170 1332 praedicti
1192 1217 1340 1284 Ricardi
1374 1217 1484 1283 orchi

886 1341 1040 1404 cpescopa

266 1545 408 1595 Archbish-
481 1520 579 1583 Anno
602 1518 738 1583 Domini
772 1533 927 1592 Mocccv,
952 1533 1025 1581 v111.
1051 1517 1104 1582 dic
1140 1517 1261 1582 mensis
1295 1517 1400 1600 Junii,
1424 1519 1483 1584 sci·

267 1612 406 1674 opscrope
436 1619 514 1686 licet
545 1621 581 1684 in
618 1621 672 1684 die
711 1619 826 1686 Sancti
866 1618 1020 1684 Willelmi
1054 1619 1264 1697 Confessoris,
1297 1643 1371 1706 quae
1404 1625 1485 1684 tunc

267 1680 400 1794 {hiim
435 1723 502 1786 fuit
515 1723 599 1788 feria
613 1723 757 1788 secunda
772 1721 990 1798 Pentecostes,
1006 1723 1164 1808 magister
1179 1721 1339 1788 Ricardus
1356 1722 1485 1808 Scrope,

269 1813 340 1860 1⁴⁰⁵·
436 1827 637 1894 baccalarius
654 1827 794 1893 Oxoniae
816 1826 949 1906 artium,
966 1826 1080 1891 doctor
1103 1827 1276 1912 utriusque
1295 1827 1382 1912 juris
1399 1826 1484 1891 Oan-

436 1931 595 2016 tabrigiae,
618 1930 797 1995 advocatus
820 1949 1004 2014 pauperum
1027 1949 1133 2014 nuper
1156 1930 1190 1992 in
1214 1929 1305 1993 curia
1327 1929 1484 2005 Romana,

435 2037 470 2095 et
500 2032 618 2096 deinde
645 2031 836 2095 Lichfeldiae
869 2031 1048 2116 episcopus,
1071 2035 1105 2092 et
1136 2035 1250 2114 postea
1272 2030 1485 2117 archiepisco-

434 2155 497 2218 pus
535 2133 757 2209 Eboracensis,
796 2132 977 2198 decollatus
1015 2137 1067 2196 est
1105 2137 1201 2196 extra
1238 2154 1350 2197 muros
1384 2155 1483 2218 prope

266 2245 422 2322 HenryIV„
435 2235 626 2301 Eboracum.
682 2235 846 2300 Henricus
880 2234 968 2297 enirn
1005 2232 1161 2312 Quartus,
1193 2255 1252 2297 rex
1285 2233 1424 2320 Angliae,
1447 2236 1483 2298 in

266 2314 410 2442 ffisshw'
434 2359 562 2402 camcra
585 2337 722 2401 manerii
749 2336 830 2401 dicti
861 2334 1103 2421 archiepiscopi,
1128 2335 1216 2419 quod
1241 2342 1378 2401 vocatur
1412 2337 1485 2399 Bis·

265 2417 363 2494 orders'
434 2439 615 2525 hopsthorp
645 2439 747 2524 juxta
765 2439 971 2512 Eboracum,
1005 2437 1180 2501 mandavit
1202 2437 1368 2503 Willclmo
1403 2438 1484 2502 Gas-

266 2513 370 2643 {3123
371 2529 410 2562 ⁸⁸⁶
434 2564 538 2627 coync
571 2543 742 2628 armigero
764 2541 889 2606 adhunc
917 2539 1102 2624 justitiario
1135 2541 1309 2626 principali
1344 2541 1484 2628 Angliae,

264 2659 325 2709 ‘ss-2
340 2653 366 2694 ¹0
434 2650 473 2708 ut
495 2645 693 2710 sententiam
710 2643 824 2707 mortis
848 2643 888 2706 dc
904 2641 1045 2726 praefato
1060 2641 1303 2728 archiepiscopo
1326 2643 1485 2727 proferret

264 2713 387 2826 pppuemn
433 2753 591 2832 tanquam
616 2747 656 2810 de
681 2745 846 2832 proditore
870 2744 977 2830 regis3
1008 2744 1066 2828 qui
1089 2743 1152 2808 hoc
1173 2745 1348 2820 recusavit,
1372 2751 1406 2808 et
1437 2745 1484 2810 sic

264 2868 403 2920 whiehhe
432 2847 496 2911 sibi
519 2847 707 2932 respondit:
732 2855 747 2878 “
761 2845 832 2909 Nec
854 2865 922 2920 vos,
945 2844 1078 2909 dominc
1110 2845 1155 2908 mi
1179 2866 1248 2922 rex,
1270 2867 1331 2910 nec
1362 2845 1482 2931 aliquis

263 2935 397 3050 35⁰⁸&
433 2959 450 2984 “
474 2950 604 3014 nomine
628 2953 738 3012 vestro
761 2952 870 3010 vester
891 2946 1004 3031 ligeus,
1028 2947 1167 3032 potestis
1190 2947 1280 3013 licite
1302 2949 1482 3014 secundum

298 3038 304 3049 ¹
432 3062 448 3086 “
468 3054 547 3137 jura
570 3052 662 3136 regni
685 3050 831 3134 aliquem
854 3049 1043 3134 episcopum
1073 3051 1116 3114 ad
1139 3056 1278 3114 mortem
1306 3051 1481 3135 judicare.'’

433 3155 531 3218 Unde
555 3153 730 3238 praefatum
744 3151 1024 3236 archiepiscopum
1043 3151 1193 3236 judicare
1209 3154 1342 3217 omnino
1363 3155 1480 3220 renuit.

433 3255 542 3335 Quare
569 3255 657 3318 idem
680 3275 740 3316 rex
763 3253 813 3317 ira
839 3251 1030 3317 vehementi
1053 3255 1179 3316 exarsit
1201 3276 1316 3319 versus
1339 3257 1480 3322 eundem

426 3357 583 3441 judicem,
603 3356 697 3440 cujus
719 3354 877 3420 memoria
891 3355 936 3419 sit
959 3355 995 3418 in
1018 3354 1279 3422 benedictionem
1302 3359 1339 3422 in
1360 3359 1481 3425 saecula
1494 3381 1562 3432 scel.
1575 3383 1630 3435 xlv.

262 3481 394 3549 mering
430 3459 548 3524 saeculi.
604 3457 649 3522 Et
686 3457 800 3522 statim
838 3457 1012 3522 mandavit
1043 3457 1177 3526 domino
1204 3458 1370 3526 Willelmo
1401 3462 1479 3527 Ful·
1496 3451 1583 3509 Μ·

261 3550 418 3666 ἔξῇθξξθη
431 3563 537 3646 thorp,
560 3561 660 3624 militi
684 3566 718 3624 ct
740 3581 807 3624 non
825 3559 940 3644 judici,
965 3563 1004 3624 ut
1027 3560 1140 3625 eodem
1164 3562 1226 3638 dic,
1249 3564 1374 3629 scilicet
1396 3565 1481 3632 feria

261 3683 392 3734 hannul·
430 3665 573 3730 secunda
595 3661 809 3727 hebdomadis
839 3661 1055 3738 Pentecostes
1082 3663 1141 3746 qui
1163 3663 1229 3727 fuit
1252 3665 1322 3730 dies
1344 3673 1481 3733 octavus

260 3749 411 3867 {hffiowm
431 3766 551 3830 mensis
574 3765 680 3842 Junii,
702 3762 900 3829 sententiam
927 3764 1043 3828 mortis
1067 3764 1103 3827 in
1136 3765 1215 3830 aula
1248 3768 1379 3852 praefati
1412 3791 1480 3834 ma-

258 3884 384 3949 juuge,t0
430 3868 514 3933 nerii
536 3867 572 3930 in
594 3866 883 3952 archiepiscopum,
906 3887 1003 3950 quem
1019 3867 1153 3931 vocavit
1176 3869 1384 3952 proditorem,
1407 3893 1481 3956 pro·

259 3951 384 4066 {ppldemn
430 3971 538 4035 ferret.
586 3969 727 4034 Etcum
755 3967 933 4053 praedictus
956 3966 1142 4034 Willelmus
1175 3971 1354 4056 Gascoyne,
1373 3973 1480 4058 judex

430 4072 621 4158 principalis
644 4069 784 4156 Angliae,
807 4070 941 4136 omnino
972 4071 1093 4148 renuit,
1117 4071 1294 4156 praedictus
1326 4075 1480 4141 dominus

430 4173 614 4238 Willelmus
638 4171 800 4257 Fulthorp
834 4172 870 4235 in
893 4171 963 4236 loco
991 4172 1113 4257 judicis
1136 4173 1231 4250 sedit,
1254 4180 1289 4239 et
1318 4176 1479 4263 archiepi-

427 4298 560 4360 scopum
584 4273 703 4340 adduci
737 4279 943 4360 praeceperat.
991 4274 1065 4354 Quo
1095 4276 1338 4364 archiepiscopo
1370 4301 1478 4346 coram

427 4379 498 4462 ipso
520 4377 610 4441 nudo
633 4377 740 4460 capite
774 4380 893 4454 stante,
928 4377 1014 4442 hanc
1048 4379 1255 4456 sententiam,
1280 4381 1352 4466 ipso
1383 4384 1478 4448 audi-

257 4495 352 4545 Whieh
365 4495 397 4546 he
427 4485 503 4544 ente
526 4485 560 4542 et
583 4479 734 4543 omnibus
757 4480 1054 4562 circumstantibus,
1077 4483 1234 4568 protulit:
1259 4485 1341 4562 “Te,
1364 4487 1477 4554 Ricar-

256 4564 323 4612 ⁶⁰⁰⁵·
428 4590 443 4614 “
468 4581 557 4657 dum,
580 4579 780 4665 proditorem
807 4583 902 4667 regis,
925 4583 968 4649 ad
998 4592 1137 4652 mortem
1156 4589 1356 4674 judicamus,
1378 4599 1477 4659 etex

426 4693 441 4721 “
466 4690 629 4772 praeoepto
653 4687 738 4771 regis
769 4685 921 4753 decollari
953 4690 1175 4758 mandamus.”
1222 4694 1304 4760 Haec
1337 4696 1476 4762 audiens

424 4789 695 4876 archiepiscopus,
717 4789 803 4856 hanc
833 4793 1014 4858 orationem
1047 4795 1177 4882 phbhce
1211 4795 1320 4863 dixit:
1355 4807 1372 4833 “
1385 4797 1476 4865 Deus
