3530 5790
625 882 862 934 sscnsrssors
885 881 929 932 os
953 881 1055 932 roas.
1300 865 1362 928 361

312 1073 424 1130 Thomu
445 1074 564 1146 quidem
585 1075 802 1146 archiepiscopo
832 1073 936 1139 invito,
959 1079 990 1130 et
1023 1073 1178 1136 renitente,
1201 1079 1233 1128 et
1254 1078 1363 1134 coacto,

312 1182 366 1220 nec
388 1163 596 1230 consentiente,
620 1156 677 1220 sed
700 1164 864 1219 inconsulto
895 1163 1084 1220 Eborseensis
1110 1151 1261 1218 ecelesiae1
1284 1160 1364 1231 eupi-

312 1254 384 1308 tulo.
432 1253 495 1310 Hoc
518 1259 615 1310 autem
648 1253 760 1324 Anglia
793 1258 857 1310 tota
889 1253 982 1321 novit,
1006 1240 1106 1326 quod²
1139 1256 1257 1322 propter
1287 1251 1364 1304 hanc

215 1375 219 1384 ·
312 1341 497 1398 concordiam
530 1342 692 1399 Rodbertus
724 1333 898 1416 episeopus³
931 1341 995 1414 regi
1027 1333 1128 1398 etiam
1161 1341 1243 1396 mille
1274 1339 1363 1395 libras

314 1431 403 1486 dedit.

359 1521 426 1576 Jsm
449 1525 545 1587 antee,
561 1512 707 1598 ejusdem
723 1511 892 1588 Rodberti,
910 1511 1116 1589 antecessori,
1132 1518 1267 1590 Remigio
1288 1509 1366 1589 epis·
1380 1509 1491 1588 Thomas

315 1641 396 1694 copo,
421 1615 478 1699 qui
502 1615 563 1678 sub
585 1635 661 1700 rege
676 1611 844 1679 Willelmo
860 1613 994 1679 Seniore
1017 1613 1233 1700 episcopalem
1257 1612 1366 1677 sedem
1380 1576 1492 1690 iffi

316 1717 355 1781 de
394 1716 616 1781 Dorkaceb'tra
652 1716 731 1782 illuc
768 1717 993 1792 transtulerat,
1032 1725 1154 1782 eandem
1191 1726 1367 1781 calumniam
1381 1708 1513 1784 Refflissim

316 1815 430 1870 fecerat.
493 1815 532 1870 Et
562 1831 629 1870 cum
664 1814 817 1886 Remigius
855 1807 994 1872 eandem
1031 1815 1182 1872 ecelesiam
1217 1805 1367 1870 dedicare
1380 1776 1534 1890 ffifflwte

317 1901 451 1981 paratus
474 1902 568 1972 esset,
591 1904 716 1960 Thomas
739 1905 766 1959 ei
789 1905 943 1960 interdixit
971 1921 1010 1960 ne
1041 1922 1106 1961 mm
1136 1904 1299 1970 dedicaret;
1335 1900 1369 1958 et
1382 1907 1518 1958 eurhedml.

316 2019 375 2062 rex
398 1996 583 2062 Willelmus
605 1995 726 2062 Junior
748 2017 808 2082 pro
840 1997 980 2083 pecunie
1011 2017 1111 2082 quem
1143 1997 1174 2062 ei
1198 1996 1367 2082 Remigius

317 2099 463 2176 dederat,
485 2099 591 2164 totius
613 2098 681 2164 fere
705 2097 837 2184 Angliae
871 2099 1032 2185 episcopis
1066 2099 1246 2174 mandevit,
1270 2098 1368 2162 utin

316 2223 420 2265 unum
444 2201 677 2266 convenientes
692 2200 837 2285 septenis
852 2200 963 2266 idibus
980 2199 1060 2266 Maii
1084 2199 1253 2266 ecclesiam
1276 2198 1368 2264 illam

316 2303 514 2369 dedicarent
561 2301 628 2367 Sed
665 2301 767 2367 biduo
805 2307 884 2367 ante
922 2301 1011 2367 diem
1041 2306 1206 2367 statutum
1240 2301 1367 2368 occulto

315 2406 378 2470 Dei
396 2405 525 2492 judicio
539 2406 610 2490 ipse
633 2404 804 2490 episcopus
821 2401 1014 2490 Remigius⁴
1036 2403 1193 2490 migravit
1208 2425 1226 2469 e
1242 2406 1370 2481 saeculo,

314 2513 349 2573 et
370 2505 514 2574 ecclesie
537 2505 616 2592 per⁵
638 2506 701 2572 hoe
723 2506 883 2572 remansit
906 2505 1078 2572 dedicatio.

361 2805 403 2870 Is
426 2821 567 2883 ouem
590 2820 854 2872 nnsrsucrrous
878 2823 920 2872 su
942 2822 1078 2872 elsarn
1101 2823 1313 2874 vssrsrrosu

465 2909 611 2974 Tuonss
633 2925 981 2976 nncfflsrrseorlrun
1004 2909 1234 2977 SUSCEPERPF.⁶

148 3131 237 3198 Hugh,
249 3147 291 3196 pp.
363 3117 503 3200 Quando
526 3117 668 3184 Thomas
701 3119 764 3184 iste
786 3117 1102 3205 archiepiscopatum
1124 3119 1278 3206 suscepit,
1301 3128 1371 3185 eivi-

151 3203 253 3275 ¹⁰⁷'⁸'=
317 3235 363 3286 tes
385 3231 514 3286 Eboreea
535 3235 566 3285 et
587 3235 649 3286 tota
671 3230 753 3302 regio
775 3229 861 3295 eirea,
881 3219 1021 3306 jubente
1035 3219 1132 3308 rege‚⁷
1155 3249 1172 3286 a
1194 3230 1374 3288 Noumennis

319 3320 394 3376 serre
418 3315 452 3376 et
474 3320 591 3376 flamma
613 3311 747 3396 penitus
769 3310 835 3376 fuit
857 3319 1012 3378 deuecta

364 3411 486 3465 Incensa
508 3427 622 3482 quoque
643 3413 675 3466 et
696 3409 780 3464 Beati
803 3409 883 3466 Petri
905 3409 1076 3482 metropolis
1091 3409 1221 3476 eeclesia,
1238 3415 1268 3466 et
1290 3427 1373 3466 orna-
1388 3423 1442 3472 The
1454 3421 1497 3472 de.

318 3504 417 3554 mente
439 3499 529 3564 illins,
553 3505 640 3554 curtes
663 3503 693 3554 et
707 3498 872 3570 privilegia,
888 3499 1037 3555 combusta
1056 3501 1104 3555 vel
1118 3499 1232 3572 perdita
1246 3500 1373 3556 fuerunt.
1387 3489 1509 3540 ⁸¹r1¹⁰fi0¹¹

319 3587 432 3646 Cuncta
453 3579 663 3645 circumcirca
684 3588 785 3643 hostili
807 3588 970 3644 vulatione
992 3589 1107 3646 invenit
1128 3589 1311 3664 depopulate.
1385 3555 1477 3673 {mh
1490 3621 1521 3672 of

361 3681 476 3746 Putris
504 3679 639 3766 itaque⁸
673 3681 798 3747 cultore
831 3681 994 3747 destitute
1026 3705 1048 3747 a
1081 3703 1201 3769 meguo
1234 3683 1371 3748 flumine
1385 3689 1519 3738 Yorkmu

317 3781 467 3850 Humbre
498 3803 604 3868 usquo
633 3783 677 3849 ud
700 3782 835 3848 ultimos
857 3781 1109 3848 fines'fluminis
1133 3784 1214 3849 Tine
1240 3807 1300 3872 per
1322 3801 1370 3852 1x.
1384 3755 1489 3872 {ffitflffi'

316 3905 419 3950 annos
441 3884 576 3951 horrida
598 3884 778 3950 solitudine
801 3882 981 3970 squalebat.
1029 3883 1114 3970 Ipsis
1137 3884 1261 3951 etiam⁹
1283 3885 1368 3952 Nor-

316 3987 447 4052 msnnis
485 3987 521 4052 in
559 3992 693 4052 tantum
724 3986 856 4052 enimin
888 3985 1059 4064 defecerat,
1098 3991 1137 4052 ut
1170 4008 1237 4052 non
1263 3985 1369 4052 solum

316 4095 421 4154 terres
459 4093 498 4164 et¹
527 4087 665 4154 honores
700 4087 758 4176 qui
796 4087 843 4152 eis
881 4085 1104 4154 offerebantur
1137 4089 1280 4175 recipere
1303 4111 1371 4154 non
1469 4122 1472 4129 ·

321 4251 588 4262 ...,,...-.ι.ι-ι--
624 4255 630 4260 -
654 4253 759 4260 ...ᾖ
1091 4253 1099 4258 -
1131 4253 1265 4260 --ηυ--ιι-η-
1279 4254 1368 4261 -....

349 4334 357 4366 ¹
375 4333 505 4400 eeclesia]¹
517 4347 566 4402 om,
578 4333 614 4383 A.
898 4331 909 4364 ⁵
921 4333 982 4398 per]
1001 4339 1111 4398 propter,
1123 4335 1158 4384 A.
1170 4334 1201 4386 B.
1213 4335 1242 4387 C.
1255 4337 1288 4386 D.
1301 4336 1329 4386 F.
1340 4335 1373 4387 G.

348 4413 465 4476 ²quod.
486 4449 491 4461 .
511 4449 517 4462 .
534 4411 615 4478 dedit]
653 4413 685 4462 In
709 4412 743 4462 D.
771 4411 823 4461 this
899 4412 1076 4478 ⁶srescepers't]
1097 4413 1217 4477 suscepit,
1229 4415 1261 4466 G.

316 4491 338 4542 is
350 4492 394 4541 tha
405 4491 461 4540 title
474 4499 501 4541 to
513 4507 530 4540 s
540 4489 610 4542 fresh
622 4490 734 4554 chapter.
898 4489 909 4527 ⁷
925 4491 998 4557 repe]
1021 4491 1150 4542 Willelmo
1170 4495 1216 4544 ias.
1237 4496 1273 4543 A.
1293 4495 1325 4545 Β.
1338 4495 1371 4545 Ι).

350 4570 521 4635 ³episcopns]
551 4569 681 4620 Willelmo
713 4571 759 4619 ius.
788 4569 823 4620 A.
865 4571 896 4620 F.
909 4571 941 4622 G.

317 4652 347 4701 B.
361 4651 390 4703 C.
402 4649 433 4700 ll.
445 4651 475 4699 F.
489 4649 523 4700 G.
900 4652 911 4684 ⁸
928 4651 1028 4718 itaque]
1049 4667 1118 4715 vero,
1130 4656 1182 4715 A.;
1201 4669 1309 4720 quoque,
1323 4656 1352 4708 Ο.

352 4730 362 4762 ⁴
380 4727 523 4794 Reniqius]
544 4743 595 4780 om.
615 4727 650 4779 A.
661 4727 693 4779 B.
706 4727 735 4782 G.
746 4729 781 4779 D.
793 4729 825 4779 Il.
903 4733 914 4766 ⁹
930 4732 1016 4798 ctum]
1039 4745 1132 4802 auum,
1145 4739 1176 4788 R
