3538 5800
153 2005 156 2012 ·
279 1987 367 2052 emin
393 2010 455 2055 usa
482 2011 594 2076 pugno
624 1995 727 2069 stans,
761 1991 889 2056 lumina
921 2013 960 2057 ac
992 2011 1110 2056 manus
1143 1991 1179 2056 in
1212 1991 1428 2086 caelumbmle·

634 886 793 937 audreas
817 887 992 938 munseo.
1308 876 1327 937 3

322 1069 351 1134 2.
375 1068 450 1147 Hic,
483 1076 522 1135 ut
555 1070 671 1150 fertur,
711 1072 921 1140 AEthelstano
952 1071 1222 1140 victoriosissimo
1257 1074 1327 1160 regi
1341 1091 1458 1169 omisa

276 1168 461 1256 Anglorum
484 1172 582 1238 valde
606 1195 700 1240 carus
724 1173 817 1240 erot¹
840 1181 874 1241 et
896 1180 1057 1262 acceptus,
1079 1196 1118 1241 ac
1132 1197 1192 1262 pro
1215 1156 1465 1274 ffliUS²f³fflffi
1478 1224 1500 1273 1-

276 1274 482 1356 praedicabili
504 1277 683 1343 sanctitate
707 1300 767 1343 rex
801 1279 889 1344 idem
923 1279 1019 1343 illum
1053 1300 1162 1344 secum
1197 1279 1327 1357 hebere,
1340 1239 1404 1340 dan.
1463 1239 1477 1274 e

277 1373 435 1460 ejusque³
469 1379 614 1444 consiliis
648 1401 848 1466 magnopere
871 1381 973 1446 inniti
996 1380 1130 1446 solebat.
1177 1381 1243 1462 Qui
1269 1403 1329 1445 rex
1453 1397 1459 1406 ’

276 1474 385 1542 Deum
423 1479 573 1566 diligens,
612 1481 783 1567 aequitatis
820 1482 948 1568 legibus
992 1482 1146 1560 serviem,
1190 1505 1329 1569 regnum

278 1583 410 1648 strenue
432 1582 647 1668 gubernabat.
693 1582 727 1647 Is
760 1583 920 1649 immenso
942 1605 1147 1671 paganorum
1170 1585 1331 1650 exercitui

279 1683 420 1767 quodam
454 1688 603 1772 tempore
626 1691 774 1752 armatus
797 1707 977 1763 occurrens,
1000 1691 1219 1752 memoratum
1242 1686 1331 1752 Odo-

277 1803 362 1862 nem,
386 1783 479 1872 cujus
502 1787 629 1852 meritis
651 1809 686 1852 se
710 1809 809 1873 quam
841 1787 985 1852 maxime
1018 1788 1178 1866 credebat,
1202 1787 1330 1854 hostem

278 1883 454 1965 victurum,
477 1887 514 1952 in
536 1888 640 1954 aciem
665 1888 771 1954 duxit.
819 1888 863 1953 Et
897 1889 1068 1956 commisso
1100 1888 1222 1974 proelio
1247 1889 1329 1968 odo,
1342 1901 1482 2019 goetzius

1371 1985 1396 2018 m

278 2089 430 2168 tetendit,
454 2111 515 2176 pro
545 2113 622 2178 rege
655 2098 691 2156 et
722 2093 792 2156 suis
827 2091 1007 2157 Dominum
1038 2092 1200 2158 intentius
1223 2113 1328 2159 orans.

278 2189 468 2276 Pugnatum
490 2192 570 2259 hinc
592 2194 671 2259 inde
693 2195 904 2272 atrocissime,
928 2199 962 2259 et
996 2194 1065 2260 dies
1099 2194 1202 2260 ferme
1236 2199 1328 2260 totus

278 2291 314 2356 in
338 2295 516 2360 certamine
539 2297 745 2383 absumptus.
806 2297 952 2362 Tandem
978 2297 1049 2382 jum
1080 2296 1146 2361 sole
1178 2298 1214 2360 in
1236 2319 1328 2362 occa·

279 2417 351 2459 sum
367 2402 534 2484 vergente,
556 2419 625 2463 sors
648 2397 872 2483 lacrymabilis
895 2397 1032 2478 accidit3
1050 2397 1152 2482 juxta
1174 2397 1328 2483 capulum

279 2496 463 2564 confractus
486 2503 538 2564 est
559 2499 670 2586 regius
693 2499 789 2567 ensis.
845 2498 934 2578 Quid
956 2498 1103 2564 faceret?
1147 2497 1197 2563 Ut
1220 2521 1254 2563 se
1278 2512 1502 2564 aradusun’s

279 2604 385 2664 meret
405 2600 534 2664 nullum
558 2601 598 2666 de
621 2601 690 2666 suis
730 2621 898 2682 exarmare
926 2599 1065 2666 volebat.
1112 2599 1201 2680 Quid
1225 2581 1469 2696 iumiiidddsin

279 2699 402 2768 Hostes
425 2703 483 2788 qui
501 2703 573 2788 jam
597 2707 726 2768 vertere
742 2709 836 2790 terga
858 2707 1037 2789 coeperunt,
1053 2702 1205 2767 videntes
1221 2712 1430 2788 regemoatoe.

279 2801 383 2869 fracto
406 2826 483 2870 ense
505 2805 629 2870 factum
654 2805 749 2890 quasi
771 2805 937 2882 inermem,
961 2803 1110 2882 animati,
1134 2810 1168 2869 et
1190 2805 1226 2868 in
1249 2827 1332 2892 pug-

280 2926 358 2971 nam
391 2907 498 2973 acrius
533 2906 657 2972 reversi
691 2911 779 2972 sunt.
826 2905 980 2972 Insonuit
1012 2905 1142 2984 clamor,
1178 2905 1326 2972 Odonem

280 3007 379 3073 citius
401 3009 555 3075 advolare
570 3029 757 3096 perurgens.
803 3008 927 3088 Adest;
950 3013 990 3072 ut
1004 3029 1100 3094 opem
1120 3029 1213 3074 suem
1236 3030 1331 3094 prece

224 3185 232 3192 ,
280 3112 413 3196 negotio
434 3112 529 3190 feret,
553 3134 612 3178 rex
635 3111 706 3198 ipse
729 3111 884 3177 hortatur
916 3117 950 3178 et
983 3112 1139 3178 obsecrat.
1186 3112 1233 3176 At
1255 3111 1332 3176 ille:

282 3220 299 3247 “
322 3213 422 3299 Ope⁴
455 3235 556 3299 quam
590 3214 765 3292 desideras,
788 3214 839 3278 uti
864 3213 1067 3278 solummodo
1090 3212 1181 3288 velis,
1211 3218 1332 3298 praes'to

283 3323 300 3350 ‘¹
323 3321 380 3380 est.
427 3315 517 3396 Quid
540 3315 637 3403 agis?
660 3337 718 3382 cur
741 3316 798 3402 qui
822 3316 858 3380 in
880 3316 982 3381 letere
1005 3320 1064 3380 tuo
1084 3315 1207 3402 pendet
1221 3315 1332 3402 gladio

285 3426 301 3453 “
324 3418 456 3504 parcis?
503 3417 572 3485 Cur
606 3439 682 3484 eum
716 3440 737 3484 a
769 3418 905 3484 Domini
939 3418 991 3482 tui
1035 3417 1187 3484 hostibus
1218 3422 1334 3484 arces?

282 3529 299 3553 “
324 3519 412 3599 Quid
434 3519 618 3585 formides?
641 3519 700 3584 Nil
727 3518 905 3597 dubitans,⁵
927 3519 1035 3605 arripe
1051 3517 1166 3599 illum3
1190 3525 1224 3586 et
1244 3526 1335 3586 ecce!

282 3630 298 3656 ‘⁶
321 3611 439 3687 marius
461 3621 599 3686 Domini
624 3622 689 3686 erit
711 3627 827 3689 tecum.
883 3621 954 3687 Nec
981 3621 1073 3707 prius
1097 3621 1175 3688 solis
1205 3623 1333 3688 contin·
1348 3629 1500 3709 odomakes

282 3732 300 3759 “
322 3721 402 3811 get‘l
433 3723 612 3802 occubitus,
647 3745 746 3810 quam
785 3724 982 3789 obsistentes
1022 3725 1226 3790 adversarios
1258 3729 1334 3790 tuos
1347 3697 1470 3814 ffnglssfllee’

283 3833 300 3860 “
322 3825 405 3912 iuge
434 3826 587 3892 involvat
609 3831 669 3890 aut
691 3824 873 3891 interitus.''
918 3825 1035 3904 Dixit;
1058 3832 1092 3890 et
1114 3847 1174 3890 rex
1195 3826 1240 3891 ad
1262 3827 1333 3912 ejus
1346 3828 1483 3894 kingwins

283 3928 385 3993 verba
410 3925 598 4006 attonitus‚⁷
624 3927 700 3993 ilico
734 3949 830 3992 versa
862 3927 981 3992 dextra
1014 3927 1058 3992 ad
1088 3928 1245 4014 vaginam
1276 3896 1490 3993 extenebratus

282 4031 387 4095 uexit
420 4029 576 4117 gladiums
602 4029 777 4116 fulgidum,
800 4028 919 4094 sortem
942 4033 977 4093 et
1010 4029 1183 4114 insignem,
1206 4030 1242 4093 in
1269 4051 1335 4116 quo

282 4137 416 4199 cunctos
439 4129 668 4198 orcumantes⁸
691 4132 867 4210 deterrens,
892 4131 1019 4196 caedens
1042 4151 1099 4196 seu
1115 4137 1332 4218 prosternens,

319 4399 327 4432 ¹
345 4397 413 4464 σαί]
428 4413 477 4448 om.
490 4398 524 4449 Α.
868 4395 878 4429 ⁶
895 4396 1031 4463 continuet]
1045 4399 1174 4462 procedet,
1186 4400 1220 4450 A.
1232 4399 1263 4452 B.

317 4477 328 4510 ²
345 4475 427 4542 illiue]
443 4491 496 4538 sua,
508 4477 542 4527 A.
870 4475 880 4512 ⁷
896 4477 1027 4542 aconito]
1047 4477 1083 4527 A.
1095 4479 1147 4528 and
1165 4479 1196 4528 B.
1208 4478 1269 4530 here
1289 4481 1339 4529 odd

318 4556 459 4623 ⁸ejusqroe]
475 4555 537 4618 mia,
550 4555 585 4606 A.
596 4557 629 4606 B.
837 4555 954 4607 credulus
964 4561 1059 4605 tamen.

318 4635 329 4668 ⁴
348 4635 404 4700 Ope
421 4673 428 4686 .
447 4671 454 4684 .
468 4643 564 4700 proerto
576 4634 625 4700 est]
640 4650 691 4686 om.
705 4635 738 4685 B.
872 4632 883 4664 ⁸
899 4632 1072 4699 occursantes]
1088 4631 1255 4696 incursantes,
1266 4636 1297 4686 B.

317 4713 328 4745 ⁸
344 4713 474 4779 dubitans]
491 4713 592 4776 timens,
603 4713 636 4764 B.

1138 4797 1206 4858 ΑΞ
