<?xml version="1.0" encoding="UTF-8"?>
<!DOCTYPE html PUBLIC "-//W3C//DTD XHTML 1.0 Transitional//EN"
    "http://www.w3.org/TR/xhtml1/DTD/xhtml1-transitional.dtd">
<html xmlns="http://www.w3.org/1999/xhtml" xml:lang="en" lang="en">
 <head>
  <title>
</title>
<meta http-equiv="Content-Type" content="text/html;charset=utf-8" />
  <meta name='ocr-system' content='tesseract 3.04.00' />
  <meta name='ocr-capabilities' content='ocr_page ocr_carea ocr_par ocr_line ocrx_word'/>
</head>
<body>
  <div class='ocr_page' id='page_1' title='image "./historianschurc00raingoog/historianschurc00raingoog_0315.png"; bbox 0 0 3606 5798; ppageno 0'>
   <div class='ocr_carea' id='block_1_1' title="bbox 608 821 1326 903">
    <p class='ocr_par' dir='ltr' id='par_1_1' title="bbox 608 821 1326 903">
     <span class='ocr_line' id='line_1_1' title="bbox 608 821 1326 903; baseline -0.018 0"><span class='ocrx_word' id='word_1_1' title='bbox 608 853 687 903; x_wconf 83' lang='grc'><strong>1111</strong></span> <span class='ocrx_word' id='word_1_2' title='bbox 709 851 753 902; x_wconf 86' lang='lat' dir='ltr'><strong>or</strong></span> <span class='ocrx_word' id='word_1_3' title='bbox 775 851 821 902; x_wconf 84' lang='lat' dir='ltr'><strong>er.</strong></span> <span class='ocrx_word' id='word_1_4' title='bbox 846 845 1007 898; x_wconf 76' lang='grc'><strong>11111111.</strong></span> <span class='ocrx_word' id='word_1_5' title='bbox 1262 821 1326 894; x_wconf 81' lang='lat'><strong>273</strong></span> 
     </span>
    </p>
   </div>
   <div class='ocr_carea' id='block_1_2' title="bbox 236 1033 1525 4698">
    <p class='ocr_par' dir='ltr' id='par_1_2' title="bbox 236 1033 1520 4382">
     <span class='ocr_line' id='line_1_2' title="bbox 277 1033 1329 1128; baseline -0.011 -20"><span class='ocrx_word' id='word_1_6' title='bbox 277 1041 360 1108; x_wconf 82' lang='lat' dir='ltr'><strong>Erat</strong></span> <span class='ocrx_word' id='word_1_7' title='bbox 397 1040 501 1128; x_wconf 85' lang='lat' dir='ltr'><strong>igitur</strong></span> <span class='ocrx_word' id='word_1_8' title='bbox 538 1041 610 1106; x_wconf 86' lang='lat' dir='ltr'><strong>vita</strong></span> <span class='ocrx_word' id='word_1_9' title='bbox 643 1039 715 1125; x_wconf 91' lang='lat' dir='ltr'><strong>ejus</strong></span> <span class='ocrx_word' id='word_1_10' title='bbox 748 1039 784 1102; x_wconf 94' lang='lat' dir='ltr'><strong>in</strong></span> <span class='ocrx_word' id='word_1_11' title='bbox 816 1057 944 1103; x_wconf 88' lang='lat' dir='ltr'><strong>summo</strong></span> <span class='ocrx_word' id='word_1_12' title='bbox 986 1033 1127 1112; x_wconf 89' lang='lat' dir='ltr'><strong>silentio,</strong></span> <span class='ocrx_word' id='word_1_13' title='bbox 1158 1051 1329 1116; x_wconf 86' lang='lat' dir='ltr'><strong>moresque</strong></span> 
     </span>
     <span class='ocr_line' id='line_1_3' title="bbox 276 1133 1460 1228; baseline -0.008 -20"><span class='ocrx_word' id='word_1_14' title='bbox 276 1141 458 1228; x_wconf 74' lang='lat' dir='ltr'><strong>tranquilli,</strong></span> <span class='ocrx_word' id='word_1_15' title='bbox 481 1162 523 1206; x_wconf 91' lang='lat' dir='ltr'><strong>ne</strong></span> <span class='ocrx_word' id='word_1_16' title='bbox 545 1161 612 1206; x_wconf 84' lang='lat' dir='ltr'><strong>vox</strong></span> <span class='ocrx_word' id='word_1_17' title='bbox 635 1160 731 1217; x_wconf 87' lang='lat' dir='ltr'><strong>vana,</strong></span> <span class='ocrx_word' id='word_1_18' title='bbox 753 1138 808 1204; x_wconf 88' lang='lat' dir='ltr'><strong>vel</strong></span> <span class='ocrx_word' id='word_1_19' title='bbox 830 1158 982 1206; x_wconf 87' lang='lat' dir='ltr'><strong>occursus</strong></span> <span class='ocrx_word' id='word_1_20' title='bbox 1003 1135 1100 1213; x_wconf 89' lang='lat' dir='ltr'><strong>ullus,</strong></span> <span class='ocrx_word' id='word_1_21' title='bbox 1123 1138 1183 1200; x_wconf 89' lang='lat' dir='ltr'><strong>aut</strong></span> <span class='ocrx_word' id='word_1_22' title='bbox 1205 1133 1329 1198; x_wconf 90' lang='lat' dir='ltr'><strong>otiosus</strong></span> <span class='ocrx_word' id='word_1_23' title='bbox 1342 1145 1460 1226; x_wconf 66' lang='lat' dir='ltr'><strong>sarcli-</strong></span> 
     </span>
     <span class='ocr_line' id='line_1_4' title="bbox 276 1227 1500 1332; baseline -0.008 -25"><span class='ocrx_word' id='word_1_24' title='bbox 276 1264 382 1309; x_wconf 89' lang='lat' dir='ltr'><strong>sermo</strong></span> <span class='ocrx_word' id='word_1_25' title='bbox 404 1241 623 1308; x_wconf 87' lang='lat' dir='ltr'><strong>intentionem</strong></span> <span class='ocrx_word' id='word_1_26' title='bbox 657 1239 813 1305; x_wconf 89' lang='lat' dir='ltr'><strong>obturbet</strong></span> <span class='ocrx_word' id='word_1_27' title='bbox 844 1239 888 1304; x_wconf 89' lang='lat' dir='ltr'><strong>ad</strong></span> <span class='ocrx_word' id='word_1_28' title='bbox 918 1237 1052 1303; x_wconf 85' lang='lat' dir='ltr'><strong>Divina.</strong></span> <span class='ocrx_word' id='word_1_29' title='bbox 1099 1236 1141 1301; x_wconf 91' lang='lat' dir='ltr'><strong>In</strong></span> <span class='ocrx_word' id='word_1_30' title='bbox 1174 1233 1330 1301; x_wconf 85' lang='lat' dir='ltr'><strong>exercitio</strong></span> <span class='ocrx_word' id='word_1_31' title='bbox 1341 1229 1415 1332; x_wconf 40' lang='grc' dir='ltr'><strong>ἓξὲξ</strong></span> <span class='ocrx_word' id='word_1_32' title='bbox 1427 1227 1500 1265; x_wconf 61' lang='lat'>⁸¹²¹·</span> 
     </span>
     <span class='ocr_line' id='line_1_5' title="bbox 277 1337 1329 1431; baseline -0.01 -21"><span class='ocrx_word' id='word_1_33' title='bbox 277 1347 392 1431; x_wconf 86' lang='lat' dir='ltr'><strong>itaque</strong></span> <span class='ocrx_word' id='word_1_34' title='bbox 416 1344 535 1410; x_wconf 86' lang='lat' dir='ltr'><strong>mentis</strong></span> <span class='ocrx_word' id='word_1_35' title='bbox 558 1342 742 1420; x_wconf 76' lang='lat' dir='ltr'><strong>desudavit,</strong></span> <span class='ocrx_word' id='word_1_36' title='bbox 765 1340 953 1427; x_wconf 78' lang='lat' dir='ltr'>spirituales</span> <span class='ocrx_word' id='word_1_37' title='bbox 982 1340 1073 1411; x_wconf 89' lang='lat' dir='ltr'><strong>intra</strong></span> <span class='ocrx_word' id='word_1_38' title='bbox 1103 1337 1329 1424; x_wconf 79' lang='lat' dir='ltr'><strong>semetipsum</strong></span> 
     </span>
     <span class='ocr_line' id='line_1_6' title="bbox 279 1441 1332 1529; baseline -0.01 -17"><span class='ocrx_word' id='word_1_39' title='bbox 279 1467 393 1512; x_wconf 89' lang='lat' dir='ltr'><strong>sensus</strong></span> <span class='ocrx_word' id='word_1_40' title='bbox 416 1445 578 1523; x_wconf 85' lang='lat' dir='ltr'><strong>excolens,</strong></span> <span class='ocrx_word' id='word_1_41' title='bbox 600 1449 635 1510; x_wconf 90' lang='lat' dir='ltr'><strong>et</strong></span> <span class='ocrx_word' id='word_1_42' title='bbox 657 1448 735 1509; x_wconf 88' lang='lat' dir='ltr'><strong>ante</strong></span> <span class='ocrx_word' id='word_1_43' title='bbox 758 1443 919 1529; x_wconf 80' lang='lat' dir='ltr'><strong>insopitus</strong></span> <span class='ocrx_word' id='word_1_44' title='bbox 941 1441 1006 1508; x_wconf 89' lang='lat' dir='ltr'><strong>Dei</strong></span> <span class='ocrx_word' id='word_1_45' title='bbox 1029 1441 1139 1508; x_wconf 93' lang='lat' dir='ltr'><strong>oculos</strong></span> <span class='ocrx_word' id='word_1_46' title='bbox 1154 1461 1189 1506; x_wconf 89' lang='lat' dir='ltr'><strong>se</strong></span> <span class='ocrx_word' id='word_1_47' title='bbox 1204 1459 1332 1524; x_wconf 88' lang='lat' dir='ltr'><strong>semper</strong></span> 
     </span>
     <span class='ocr_line' id='line_1_7' title="bbox 279 1543 1331 1630; baseline -0.008 -15"><span class='ocrx_word' id='word_1_48' title='bbox 279 1547 475 1629; x_wconf 90' lang='lat' dir='ltr'><strong>constituit;</strong></span> <span class='ocrx_word' id='word_1_49' title='bbox 499 1551 534 1612; x_wconf 89' lang='lat' dir='ltr'><strong>et</strong></span> <span class='ocrx_word' id='word_1_50' title='bbox 566 1549 713 1613; x_wconf 85' lang='lat' dir='ltr'><strong>terrenas</strong></span> <span class='ocrx_word' id='word_1_51' title='bbox 735 1543 974 1612; x_wconf 72' lang='lat' dir='ltr'><strong>sollicitudines</strong></span> <span class='ocrx_word' id='word_1_52' title='bbox 1005 1547 1080 1630; x_wconf 88' lang='lat' dir='ltr'><strong>post</strong></span> <span class='ocrx_word' id='word_1_53' title='bbox 1113 1548 1243 1630; x_wconf 83' lang='lat' dir='ltr'><strong>tergum</strong></span> <span class='ocrx_word' id='word_1_54' title='bbox 1274 1563 1331 1629; x_wconf 93' lang='lat' dir='ltr'><strong>po-</strong></span> 
     </span>
     <span class='ocr_line' id='line_1_8' title="bbox 240 1645 1332 1744; baseline -0.005 -30"><span class='ocrx_word' id='word_1_55' title='bbox 240 1733 246 1744; x_wconf 35' lang='lat'><strong>·</strong></span> <span class='ocrx_word' id='word_1_56' title='bbox 279 1671 371 1727; x_wconf 88' lang='lat' dir='ltr'><strong>nens,</strong></span> <span class='ocrx_word' id='word_1_57' title='bbox 393 1655 593 1715; x_wconf 87' lang='lat' dir='ltr'><strong>aeternorum</strong></span> <span class='ocrx_word' id='word_1_58' title='bbox 616 1646 788 1712; x_wconf 77' lang='lat' dir='ltr'><strong>desideriis</strong></span> <span class='ocrx_word' id='word_1_59' title='bbox 811 1646 977 1712; x_wconf 86' lang='lat' dir='ltr'><strong>duntaxat</strong></span> <span class='ocrx_word' id='word_1_60' title='bbox 1000 1645 1166 1714; x_wconf 84' lang='lat' dir='ltr'><strong>aestuavit.</strong></span> <span class='ocrx_word' id='word_1_61' title='bbox 1222 1645 1332 1732; x_wconf 83' lang='lat' dir='ltr'><strong>Auge-</strong></span> 
     </span>
     <span class='ocr_line' id='line_1_9' title="bbox 280 1748 1333 1836; baseline -0.006 -18"><span class='ocrx_word' id='word_1_62' title='bbox 280 1751 363 1818; x_wconf 83' lang='lat' dir='ltr'><strong>bant</strong></span> <span class='ocrx_word' id='word_1_63' title='bbox 396 1750 584 1817; x_wconf 85' lang='lat' dir='ltr'><strong>devotionis</strong></span> <span class='ocrx_word' id='word_1_64' title='bbox 617 1749 767 1816; x_wconf 90' lang='lat' dir='ltr'><strong>ardorem</strong></span> <span class='ocrx_word' id='word_1_65' title='bbox 799 1769 888 1815; x_wconf 87' lang='lat' dir='ltr'><strong>nuno</strong></span> <span class='ocrx_word' id='word_1_66' title='bbox 918 1749 1068 1836; x_wconf 82' lang='lat' dir='ltr'><strong>inspecta</strong></span> <span class='ocrx_word' id='word_1_67' title='bbox 1101 1748 1333 1816; x_wconf 86' lang='lat' dir='ltr'><strong>damnatorum</strong></span> 
     </span>
     <span class='ocr_line' id='line_1_10' title="bbox 280 1848 1393 1940; baseline -0.005 -22"><span class='ocrx_word' id='word_1_68' title='bbox 280 1851 450 1940; x_wconf 86' lang='lat' dir='ltr'><strong>supplicia,</strong></span> <span class='ocrx_word' id='word_1_69' title='bbox 484 1871 574 1918; x_wconf 89' lang='lat' dir='ltr'><strong>nunc</strong></span> <span class='ocrx_word' id='word_1_70' title='bbox 615 1851 754 1938; x_wconf 86' lang='lat' dir='ltr'><strong>praemia</strong></span> <span class='ocrx_word' id='word_1_71' title='bbox 787 1849 969 1927; x_wconf 86' lang='lat' dir='ltr'><strong>beatorum,</strong></span> <span class='ocrx_word' id='word_1_72' title='bbox 1007 1855 1042 1916; x_wconf 92' lang='lat' dir='ltr'><strong>et</strong></span> <span class='ocrx_word' id='word_1_73' title='bbox 1071 1849 1198 1936; x_wconf 84' lang='lat' dir='ltr'><strong>jugiter</strong></span> <span class='ocrx_word' id='word_1_74' title='bbox 1228 1848 1334 1916; x_wconf 88' lang='lat' dir='ltr'><strong>menti</strong></span> <span class='ocrx_word' id='word_1_75' title='bbox 1386 1899 1393 1912; x_wconf 91' lang='lat'>.</span> 
     </span>
     <span class='ocr_line' id='line_1_11' title="bbox 236 1943 1336 2041; baseline -0.002 -20"><span class='ocrx_word' id='word_1_76' title='bbox 236 2009 237 2012; x_wconf 63' lang='lat'><strong>,</strong></span> <span class='ocrx_word' id='word_1_77' title='bbox 282 1976 350 2021; x_wconf 88' lang='lat' dir='ltr'><strong>suae</strong></span> <span class='ocrx_word' id='word_1_78' title='bbox 373 1955 590 2041; x_wconf 64' lang='lat' dir='ltr'><strong>praesentavit</strong></span> <span class='ocrx_word' id='word_1_79' title='bbox 611 1974 711 2039; x_wconf 90' lang='lat' dir='ltr'><strong>quam</strong></span> <span class='ocrx_word' id='word_1_80' title='bbox 733 1973 835 2040; x_wconf 80' lang='lat' dir='ltr'><strong>grave</strong></span> <span class='ocrx_word' id='word_1_81' title='bbox 868 1952 914 2018; x_wconf 89' lang='lat' dir='ltr'><strong>sit</strong></span> <span class='ocrx_word' id='word_1_82' title='bbox 947 1943 990 2016; x_wconf 63' lang='lat' dir='ltr'><strong>in&#39;</strong></span> <span class='ocrx_word' id='word_1_83' title='bbox 1015 1956 1163 2020; x_wconf 86' lang='lat' dir='ltr'><strong>extrema</strong></span> <span class='ocrx_word' id='word_1_84' title='bbox 1194 1951 1336 2019; x_wconf 87' lang='lat' dir='ltr'><strong>ventila·</strong></span> 
     </span>
     <span class='ocr_line' id='line_1_12' title="bbox 282 2054 1336 2142; baseline -0.002 -20"><span class='ocrx_word' id='word_1_85' title='bbox 282 2057 372 2123; x_wconf 86' lang='lat' dir='ltr'><strong>tione</strong></span> <span class='ocrx_word' id='word_1_86' title='bbox 395 2057 503 2122; x_wconf 90' lang='lat' dir='ltr'><strong>Deum</strong></span> <span class='ocrx_word' id='word_1_87' title='bbox 526 2055 639 2122; x_wconf 86' lang='lat' dir='ltr'><strong>videre</strong></span> <span class='ocrx_word' id='word_1_88' title='bbox 661 2060 696 2121; x_wconf 88' lang='lat' dir='ltr'><strong>et</strong></span> <span class='ocrx_word' id='word_1_89' title='bbox 718 2054 863 2142; x_wconf 87' lang='lat' dir='ltr'><strong>perdere,</strong></span> <span class='ocrx_word' id='word_1_90' title='bbox 878 2060 914 2120; x_wconf 88' lang='lat' dir='ltr'><strong>ct</strong></span> <span class='ocrx_word' id='word_1_91' title='bbox 935 2059 1013 2120; x_wconf 88' lang='lat' dir='ltr'><strong>ante</strong></span> <span class='ocrx_word' id='word_1_92' title='bbox 1036 2054 1134 2140; x_wconf 89' lang='lat' dir='ltr'><strong>pretii</strong></span> <span class='ocrx_word' id='word_1_93' title='bbox 1155 2055 1207 2119; x_wconf 89' lang='lat' dir='ltr'><strong>sui</strong></span> <span class='ocrx_word' id='word_1_94' title='bbox 1229 2054 1336 2141; x_wconf 90' lang='lat' dir='ltr'><strong>perire</strong></span> 
     </span>
     <span class='ocr_line' id='line_1_13' title="bbox 281 2155 1520 2246; baseline -0.003 -21"><span class='ocrx_word' id='word_1_95' title='bbox 281 2163 512 2246; x_wconf 85' lang='lat' dir='ltr'><strong>conspectum:</strong></span> <span class='ocrx_word' id='word_1_96' title='bbox 536 2162 572 2223; x_wconf 87' lang='lat' dir='ltr'><strong>et</strong></span> <span class='ocrx_word' id='word_1_97' title='bbox 593 2157 641 2223; x_wconf 86' lang='lat' dir='ltr'><strong>sic</strong></span> <span class='ocrx_word' id='word_1_98' title='bbox 662 2156 826 2222; x_wconf 79' lang='lat' dir='ltr'><strong>inferioris</strong></span> <span class='ocrx_word' id='word_1_99' title='bbox 841 2177 879 2224; x_wconf 87' lang='lat' dir='ltr'><strong>ac</strong></span> <span class='ocrx_word' id='word_1_100' title='bbox 894 2155 1069 2244; x_wconf 86' lang='lat' dir='ltr'><strong>superioris</strong></span> <span class='ocrx_word' id='word_1_101' title='bbox 1090 2156 1206 2244; x_wconf 84' lang='lat' dir='ltr'><strong>irrigui</strong></span> <span class='ocrx_word' id='word_1_102' title='bbox 1229 2177 1336 2222; x_wconf 82' lang='grc'><strong>111111</strong></span> <span class='ocrx_word' id='word_1_103' title='bbox 1515 2237 1520 2242; x_wconf 33' lang='grc'><strong>,</strong></span> 
     </span>
     <span class='ocr_line' id='line_1_14' title="bbox 283 2257 1485 2347; baseline -0.002 -21"><span class='ocrx_word' id='word_1_104' title='bbox 283 2281 447 2347; x_wconf 86' lang='lat' dir='ltr'><strong>possessor</strong></span> <span class='ocrx_word' id='word_1_105' title='bbox 469 2259 614 2336; x_wconf 85' lang='lat' dir='ltr'><strong>effectus,</strong></span> <span class='ocrx_word' id='word_1_106' title='bbox 647 2279 707 2344; x_wconf 88' lang='lat' dir='ltr'><strong>per</strong></span> <span class='ocrx_word' id='word_1_107' title='bbox 739 2258 884 2325; x_wconf 87' lang='lat' dir='ltr'><strong>caelestes</strong></span> <span class='ocrx_word' id='word_1_108' title='bbox 917 2257 1110 2324; x_wconf 73' lang='lat' dir='ltr'><strong>ambulabat</strong></span> <span class='ocrx_word' id='word_1_109' title='bbox 1140 2259 1334 2336; x_wconf 86' lang='lat' dir='ltr'><strong>mansiones,</strong></span> <span class='ocrx_word' id='word_1_110' title='bbox 1347 2274 1485 2328; x_wconf 74' lang='lat' dir='ltr'><strong>william’s</strong></span> 
     </span>
     <span class='ocr_line' id='line_1_15' title="bbox 283 2341 1506 2475; baseline -0.001 -49"><span class='ocrx_word' id='word_1_111' title='bbox 283 2383 390 2450; x_wconf 86' lang='lat' dir='ltr'><strong>pauca</strong></span> <span class='ocrx_word' id='word_1_112' title='bbox 411 2361 470 2426; x_wconf 89' lang='lat' dir='ltr'><strong>sed</strong></span> <span class='ocrx_word' id='word_1_113' title='bbox 492 2359 607 2427; x_wconf 81' lang='lat' dir='ltr'><strong>dehita.</strong></span> <span class='ocrx_word' id='word_1_114' title='bbox 639 2359 816 2446; x_wconf 81' lang='lat' dir='ltr'><strong>indulgens</strong></span> <span class='ocrx_word' id='word_1_115' title='bbox 849 2364 988 2439; x_wconf 87' lang='lat' dir='ltr'><strong>naturas,</strong></span> <span class='ocrx_word' id='word_1_116' title='bbox 1020 2359 1113 2426; x_wconf 87' lang='lat' dir='ltr'><strong>nulla</strong></span> <span class='ocrx_word' id='word_1_117' title='bbox 1143 2359 1239 2447; x_wconf 79' lang='lat' dir='ltr'><strong>golae.</strong></span> <span class='ocrx_word' id='word_1_118' title='bbox 1284 2359 1336 2426; x_wconf 90' lang='lat' dir='ltr'><strong>Ut</strong></span> <span class='ocrx_word' id='word_1_119' title='bbox 1346 2341 1506 2475; x_wconf 48' lang='lat' dir='ltr'><strong>mm</strong></span> 
     </span>
     <span class='ocr_line' id='line_1_16' title="bbox 285 2461 1337 2549; baseline -0.001 -20"><span class='ocrx_word' id='word_1_120' title='bbox 285 2464 374 2530; x_wconf 87' lang='lat' dir='ltr'><strong>enirn</strong></span> <span class='ocrx_word' id='word_1_121' title='bbox 404 2463 510 2528; x_wconf 88' lang='lat' dir='ltr'><strong>fertur</strong></span> <span class='ocrx_word' id='word_1_122' title='bbox 541 2462 585 2528; x_wconf 90' lang='lat' dir='ltr'><strong>ab</strong></span> <span class='ocrx_word' id='word_1_123' title='bbox 625 2462 864 2548; x_wconf 83' lang='lat' dir='ltr'><strong>antiquissimis</strong></span> <span class='ocrx_word' id='word_1_124' title='bbox 904 2461 995 2527; x_wconf 91' lang='lat' dir='ltr'><strong>illius</strong></span> <span class='ocrx_word' id='word_1_125' title='bbox 1026 2463 1205 2549; x_wconf 73' lang='lat' dir='ltr'><strong>provincia</strong></span> <span class='ocrx_word' id='word_1_126' title='bbox 1245 2463 1337 2541; x_wconf 87' lang='lat' dir='ltr'><strong>viris,</strong></span> 
     </span>
     <span class='ocr_line' id='line_1_17' title="bbox 285 2563 1338 2652; baseline -0.002 -20"><span class='ocrx_word' id='word_1_127' title='bbox 285 2568 382 2632; x_wconf 87' lang='lat' dir='ltr'><strong>tanta</strong></span> <span class='ocrx_word' id='word_1_128' title='bbox 415 2567 451 2630; x_wconf 91' lang='grc'><strong>11</strong></span> <span class='ocrx_word' id='word_1_129' title='bbox 481 2567 552 2629; x_wconf 82' lang='lat' dir='ltr'><strong>tam</strong></span> <span class='ocrx_word' id='word_1_130' title='bbox 586 2563 671 2630; x_wconf 86' lang='lat' dir='ltr'><strong>edax</strong></span> <span class='ocrx_word' id='word_1_131' title='bbox 704 2564 891 2630; x_wconf 89' lang='lat' dir='ltr'><strong>studiorum</strong></span> <span class='ocrx_word' id='word_1_132' title='bbox 925 2563 1027 2630; x_wconf 85' lang='lat' dir='ltr'><strong>fames</strong></span> <span class='ocrx_word' id='word_1_133' title='bbox 1061 2563 1157 2630; x_wconf 90' lang='lat' dir='ltr'><strong>illum</strong></span> <span class='ocrx_word' id='word_1_134' title='bbox 1189 2565 1338 2652; x_wconf 83' lang='lat' dir='ltr'><strong>urgebat,</strong></span> 
     </span>
     <span class='ocr_line' id='line_1_18' title="bbox 287 2664 1338 2754; baseline 0 -22"><span class='ocrx_word' id='word_1_135' title='bbox 287 2667 377 2752; x_wconf 91' lang='lat' dir='ltr'><strong>quod</strong></span> <span class='ocrx_word' id='word_1_136' title='bbox 399 2664 510 2732; x_wconf 89' lang='lat' dir='ltr'><strong>cibum</strong></span> <span class='ocrx_word' id='word_1_137' title='bbox 533 2669 714 2750; x_wconf 89' lang='lat' dir='ltr'><strong>potumque</strong></span> <span class='ocrx_word' id='word_1_138' title='bbox 736 2685 811 2731; x_wconf 87' lang='lat' dir='ltr'><strong>raro</strong></span> <span class='ocrx_word' id='word_1_139' title='bbox 837 2670 917 2731; x_wconf 85' lang='lat' dir='ltr'><strong>ante</strong></span> <span class='ocrx_word' id='word_1_140' title='bbox 947 2664 1025 2730; x_wconf 88' lang='lat' dir='ltr'><strong>eolis</strong></span> <span class='ocrx_word' id='word_1_141' title='bbox 1048 2687 1198 2732; x_wconf 84' lang='lat' dir='ltr'><strong>occasum</strong></span> <span class='ocrx_word' id='word_1_142' title='bbox 1232 2669 1338 2754; x_wconf 89' lang='lat' dir='ltr'><strong>capie-</strong></span> 
     </span>
     <span class='ocr_line' id='line_1_19' title="bbox 287 2765 1341 2854; baseline -0.001 -21"><span class='ocrx_word' id='word_1_143' title='bbox 287 2767 355 2845; x_wconf 90' lang='lat' dir='ltr'><strong>bat,</strong></span> <span class='ocrx_word' id='word_1_144' title='bbox 377 2773 417 2832; x_wconf 90' lang='lat' dir='ltr'><strong>ut</strong></span> <span class='ocrx_word' id='word_1_145' title='bbox 439 2767 487 2832; x_wconf 90' lang='lat' dir='ltr'><strong>sic</strong></span> <span class='ocrx_word' id='word_1_146' title='bbox 509 2769 640 2852; x_wconf 84' lang='lat' dir='ltr'><strong>tempus</strong></span> <span class='ocrx_word' id='word_1_147' title='bbox 662 2765 746 2832; x_wconf 91' lang='lat' dir='ltr'><strong>lucis</strong></span> <span class='ocrx_word' id='word_1_148' title='bbox 768 2765 903 2831; x_wconf 85' lang='lat' dir='ltr'><strong>Divinae</strong></span> <span class='ocrx_word' id='word_1_149' title='bbox 927 2765 1107 2852; x_wconf 80' lang='lat' dir='ltr'><strong>Scripturas</strong></span> <span class='ocrx_word' id='word_1_150' title='bbox 1141 2767 1273 2854; x_wconf 85' lang='lat' dir='ltr'><strong>paginae</strong></span> <span class='ocrx_word' id='word_1_151' title='bbox 1307 2773 1341 2833; x_wconf 92' lang='lat' dir='ltr'><strong>et</strong></span> 
     </span>
     <span class='ocr_line' id='line_1_20' title="bbox 287 2867 1341 2956; baseline -0.004 -20"><span class='ocrx_word' id='word_1_152' title='bbox 287 2890 400 2937; x_wconf 88' lang='lat' dir='ltr'><strong>curam</strong></span> <span class='ocrx_word' id='word_1_153' title='bbox 423 2868 567 2954; x_wconf 85' lang='lat' dir='ltr'><strong>corporis</strong></span> <span class='ocrx_word' id='word_1_154' title='bbox 589 2867 680 2934; x_wconf 90' lang='lat' dir='ltr'><strong>nocti</strong></span> <span class='ocrx_word' id='word_1_155' title='bbox 702 2867 851 2934; x_wconf 81' lang='lat' dir='ltr'><strong>sociaret.</strong></span> <span class='ocrx_word' id='word_1_156' title='bbox 899 2867 944 2933; x_wconf 89' lang='lat' dir='ltr'><strong>Et</strong></span> <span class='ocrx_word' id='word_1_157' title='bbox 966 2868 994 2932; x_wconf 90' lang='lat' dir='ltr'><strong>si</strong></span> <span class='ocrx_word' id='word_1_158' title='bbox 1018 2869 1150 2955; x_wconf 90' lang='lat' dir='ltr'><strong>quando</strong></span> <span class='ocrx_word' id='word_1_159' title='bbox 1176 2870 1341 2956; x_wconf 87' lang='lat' dir='ltr'><strong>generosi-</strong></span> 
     </span>
     <span class='ocr_line' id='line_1_21' title="bbox 287 2969 1342 3049; baseline 0.001 -13"><span class='ocrx_word' id='word_1_160' title='bbox 287 2971 369 3036; x_wconf 86' lang='lat' dir='ltr'><strong>tatis</strong></span> <span class='ocrx_word' id='word_1_161' title='bbox 392 2969 573 3035; x_wconf 86' lang='lat' dir='ltr'><strong>eminentia</strong></span> <span class='ocrx_word' id='word_1_162' title='bbox 595 2969 806 3035; x_wconf 88' lang='lat' dir='ltr'><strong>visitantium</strong></span> <span class='ocrx_word' id='word_1_163' title='bbox 827 2969 943 3036; x_wconf 86' lang='lat' dir='ltr'><strong>turbas</strong></span> <span class='ocrx_word' id='word_1_164' title='bbox 961 2969 1092 3036; x_wconf 86' lang='lat' dir='ltr'><strong>offerret</strong></span> <span class='ocrx_word' id='word_1_165' title='bbox 1107 2971 1209 3037; x_wconf 89' lang='lat' dir='ltr'><strong>etiam</strong></span> <span class='ocrx_word' id='word_1_166' title='bbox 1224 2971 1342 3049; x_wconf 89' lang='lat' dir='ltr'><strong>invito,</strong></span> 
     </span>
     <span class='ocr_line' id='line_1_22' title="bbox 288 3059 1343 3159; baseline 0.001 -22"><span class='ocrx_word' id='word_1_167' title='bbox 288 3059 360 3159; x_wconf 82' lang='lat' dir='ltr'><strong>ipso</strong></span> <span class='ocrx_word' id='word_1_168' title='bbox 382 3072 457 3136; x_wconf 89' lang='lat' dir='ltr'><strong>visu</strong></span> <span class='ocrx_word' id='word_1_169' title='bbox 479 3075 550 3136; x_wconf 85' lang='grc'><strong>11111</strong></span> <span class='ocrx_word' id='word_1_170' title='bbox 572 3069 784 3147; x_wconf 87' lang='lat' dir='ltr'><strong>honorabilis,</strong></span> <span class='ocrx_word' id='word_1_171' title='bbox 808 3076 877 3137; x_wconf 84' lang='lat' dir='ltr'><strong>tam</strong></span> <span class='ocrx_word' id='word_1_172' title='bbox 900 3071 998 3138; x_wconf 84' lang='lat' dir='ltr'><strong>laetus</strong></span> <span class='ocrx_word' id='word_1_173' title='bbox 1020 3073 1133 3149; x_wconf 89' lang='lat' dir='ltr'><strong>oculis,</strong></span> <span class='ocrx_word' id='word_1_174' title='bbox 1168 3078 1202 3138; x_wconf 90' lang='grc'><strong>11</strong></span> <span class='ocrx_word' id='word_1_175' title='bbox 1236 3074 1343 3139; x_wconf 90' lang='lat' dir='ltr'><strong>omnis</strong></span> 
     </span>
     <span class='ocr_line' id='line_1_23' title="bbox 289 3174 1342 3263; baseline -0.001 -21"><span class='ocrx_word' id='word_1_176' title='bbox 289 3175 484 3242; x_wconf 88' lang='lat' dir='ltr'><strong>reverentiae</strong></span> <span class='ocrx_word' id='word_1_177' title='bbox 507 3179 542 3240; x_wconf 89' lang='grc'><strong>11</strong></span> <span class='ocrx_word' id='word_1_178' title='bbox 574 3175 692 3261; x_wconf 89' lang='lat' dir='ltr'><strong>gratiae</strong></span> <span class='ocrx_word' id='word_1_179' title='bbox 714 3174 833 3262; x_wconf 88' lang='lat' dir='ltr'><strong>plenus</strong></span> <span class='ocrx_word' id='word_1_180' title='bbox 856 3176 1020 3262; x_wconf 88' lang='lat' dir='ltr'><strong>apparuit,</strong></span> <span class='ocrx_word' id='word_1_181' title='bbox 1043 3182 1083 3242; x_wconf 88' lang='lat' dir='ltr'><strong>ut</strong></span> <span class='ocrx_word' id='word_1_182' title='bbox 1105 3199 1181 3242; x_wconf 91' lang='lat' dir='ltr'><strong>eum</strong></span> <span class='ocrx_word' id='word_1_183' title='bbox 1215 3177 1342 3263; x_wconf 91' lang='lat' dir='ltr'><strong>aliquid</strong></span> 
     </span>
     <span class='ocr_line' id='line_1_24' title="bbox 289 3275 1342 3365; baseline -0.004 -19"><span class='ocrx_word' id='word_1_184' title='bbox 289 3277 475 3365; x_wconf 85' lang='lat' dir='ltr'><strong>angelicum</strong></span> <span class='ocrx_word' id='word_1_185' title='bbox 497 3275 626 3354; x_wconf 88' lang='lat' dir='ltr'><strong>habere,</strong></span> <span class='ocrx_word' id='word_1_186' title='bbox 643 3276 732 3362; x_wconf 90' lang='lat' dir='ltr'><strong>quod</strong></span> <span class='ocrx_word' id='word_1_187' title='bbox 758 3277 795 3341; x_wconf 93' lang='lat' dir='ltr'><strong>in</strong></span> <span class='ocrx_word' id='word_1_188' title='bbox 815 3275 952 3344; x_wconf 88' lang='lat' dir='ltr'><strong>alterius</strong></span> <span class='ocrx_word' id='word_1_189' title='bbox 967 3277 1110 3344; x_wconf 88' lang='lat' dir='ltr'><strong>hominis</strong></span> <span class='ocrx_word' id='word_1_190' title='bbox 1132 3284 1254 3344; x_wconf 89' lang='lat' dir='ltr'><strong>natura</strong></span> <span class='ocrx_word' id='word_1_191' title='bbox 1275 3299 1342 3344; x_wconf 91' lang='lat' dir='ltr'><strong>non</strong></span> 
     </span>
     <span class='ocr_line' id='line_1_25' title="bbox 289 3377 1514 3472; baseline -0.004 -26"><span class='ocrx_word' id='word_1_192' title='bbox 289 3385 385 3456; x_wconf 89' lang='lat' dir='ltr'><strong>esset,</strong></span> <span class='ocrx_word' id='word_1_193' title='bbox 409 3379 482 3464; x_wconf 90' lang='lat' dir='ltr'><strong>ipsa</strong></span> <span class='ocrx_word' id='word_1_194' title='bbox 503 3377 588 3442; x_wconf 84' lang='lat' dir='ltr'><strong>visio</strong></span> <span class='ocrx_word' id='word_1_195' title='bbox 611 3377 781 3444; x_wconf 87' lang='lat' dir='ltr'><strong>indicaret.</strong></span> <span class='ocrx_word' id='word_1_196' title='bbox 838 3377 895 3444; x_wconf 84' lang='lat' dir='ltr'><strong>Sic</strong></span> <span class='ocrx_word' id='word_1_197' title='bbox 917 3379 1021 3466; x_wconf 84' lang='lat' dir='ltr'><strong>igitur</strong></span> <span class='ocrx_word' id='word_1_198' title='bbox 1043 3381 1087 3446; x_wconf 89' lang='lat' dir='ltr'><strong>ad</strong></span> <span class='ocrx_word' id='word_1_199' title='bbox 1118 3379 1341 3446; x_wconf 89' lang='lat' dir='ltr'><strong>obedientiam</strong></span> <span class='ocrx_word' id='word_1_200' title='bbox 1355 3391 1514 3472; x_wconf 68' lang='grc'><strong>1111111111</strong></span> 
     </span>
     <span class='ocr_line' id='line_1_26' title="bbox 290 3464 1430 3569; baseline 0 -21"><span class='ocrx_word' id='word_1_201' title='bbox 290 3484 529 3569; x_wconf 81' lang='lat' dir='ltr'><strong>praeceptorum</strong></span> <span class='ocrx_word' id='word_1_202' title='bbox 552 3478 681 3544; x_wconf 83' lang='lat' dir='ltr'><strong>Summi</strong></span> <span class='ocrx_word' id='word_1_203' title='bbox 703 3478 803 3566; x_wconf 85' lang='lat' dir='ltr'><strong>Regis</strong></span> <span class='ocrx_word' id='word_1_204' title='bbox 825 3501 954 3566; x_wconf 89' lang='lat' dir='ltr'><strong>semper</strong></span> <span class='ocrx_word' id='word_1_205' title='bbox 975 3481 1133 3560; x_wconf 88' lang='lat' dir='ltr'><strong>intentus,</strong></span> <span class='ocrx_word' id='word_1_206' title='bbox 1149 3483 1249 3548; x_wconf 88' lang='lat' dir='ltr'><strong>armis</strong></span> <span class='ocrx_word' id='word_1_207' title='bbox 1271 3464 1430 3548; x_wconf 44' lang='lat' dir='ltr'><strong>ora-⁹²⁰¹*</strong></span> 
     </span>
     <span class='ocr_line' id='line_1_27' title="bbox 291 3581 1345 3666; baseline 0.002 -19"><span class='ocrx_word' id='word_1_208' title='bbox 291 3581 422 3648; x_wconf 88' lang='lat' dir='ltr'><strong>tionum</strong></span> <span class='ocrx_word' id='word_1_209' title='bbox 444 3600 605 3666; x_wconf 82' lang='lat' dir='ltr'><strong>pugnans,</strong></span> <span class='ocrx_word' id='word_1_210' title='bbox 629 3585 787 3666; x_wconf 83' lang='lat' dir='ltr'><strong>tanquam</strong></span> <span class='ocrx_word' id='word_1_211' title='bbox 811 3581 905 3647; x_wconf 91' lang='lat' dir='ltr'><strong>miles</strong></span> <span class='ocrx_word' id='word_1_212' title='bbox 928 3582 964 3645; x_wconf 90' lang='lat' dir='ltr'><strong>in</strong></span> <span class='ocrx_word' id='word_1_213' title='bbox 996 3583 1111 3648; x_wconf 88' lang='lat' dir='ltr'><strong>castris</strong></span> <span class='ocrx_word' id='word_1_214' title='bbox 1142 3583 1300 3662; x_wconf 86' lang='lat' dir='ltr'><strong>obsessus,</strong></span> <span class='ocrx_word' id='word_1_215' title='bbox 1324 3605 1345 3649; x_wconf 92' lang='lat' dir='ltr'><strong>a</strong></span> 
     </span>
     <span class='ocr_line' id='line_1_28' title="bbox 292 3682 1415 3772; baseline 0.005 -24"><span class='ocrx_word' id='word_1_216' title='bbox 292 3683 458 3769; x_wconf 87' lang='lat' dir='ltr'><strong>superiore</strong></span> <span class='ocrx_word' id='word_1_217' title='bbox 481 3703 541 3747; x_wconf 88' lang='lat' dir='ltr'><strong>suo</strong></span> <span class='ocrx_word' id='word_1_218' title='bbox 568 3702 766 3760; x_wconf 88' lang='lat' dir='ltr'><strong>succursum,</strong></span> <span class='ocrx_word' id='word_1_219' title='bbox 790 3683 843 3748; x_wconf 93' lang='grc'><strong>111</strong></span> <span class='ocrx_word' id='word_1_220' title='bbox 869 3682 966 3748; x_wconf 90' lang='lat' dir='ltr'><strong>fidele</strong></span> <span class='ocrx_word' id='word_1_221' title='bbox 989 3685 1190 3770; x_wconf 87' lang='lat' dir='ltr'><strong>mancipium</strong></span> <span class='ocrx_word' id='word_1_222' title='bbox 1213 3707 1345 3772; x_wconf 87' lang='lat' dir='ltr'><strong>exspec-</strong></span> <span class='ocrx_word' id='word_1_223' title='bbox 1411 3747 1415 3754; x_wconf 88' lang='lat'><em>.</em></span> 
     </span>
     <span class='ocr_line' id='line_1_29' title="bbox 292 3783 1346 3873; baseline 0.004 -23"><span class='ocrx_word' id='word_1_224' title='bbox 292 3791 377 3863; x_wconf 82' lang='lat' dir='ltr'><strong>tans,</strong></span> <span class='ocrx_word' id='word_1_225' title='bbox 398 3783 645 3849; x_wconf 87' lang='lat' dir='ltr'><strong>manumissoris</strong></span> <span class='ocrx_word' id='word_1_226' title='bbox 667 3805 813 3862; x_wconf 89' lang='lat' dir='ltr'><strong>manum,</strong></span> <span class='ocrx_word' id='word_1_227' title='bbox 835 3783 1001 3850; x_wconf 83' lang='lat' dir='ltr'><strong>libertatis</strong></span> <span class='ocrx_word' id='word_1_228' title='bbox 1023 3784 1177 3852; x_wconf 88' lang='lat' dir='ltr'><strong>laetitiam</strong></span> <span class='ocrx_word' id='word_1_229' title='bbox 1206 3793 1241 3853; x_wconf 90' lang='lat' dir='ltr'><strong>et</strong></span> <span class='ocrx_word' id='word_1_230' title='bbox 1263 3809 1346 3873; x_wconf 85' lang='lat' dir='ltr'><strong>prae·</strong></span> 
     </span>
     <span class='ocr_line' id='line_1_30' title="bbox 293 3884 1348 3974; baseline 0.005 -23"><span class='ocrx_word' id='word_1_231' title='bbox 293 3887 362 3952; x_wconf 90' lang='lat' dir='ltr'><strong>mia</strong></span> <span class='ocrx_word' id='word_1_232' title='bbox 387 3885 621 3972; x_wconf 75' lang='lat' dir='ltr'><strong>praestituram,</strong></span> <span class='ocrx_word' id='word_1_233' title='bbox 645 3884 780 3950; x_wconf 80' lang='lat' dir='ltr'><strong>Divinae</strong></span> <span class='ocrx_word' id='word_1_234' title='bbox 803 3885 1035 3952; x_wconf 86' lang='lat' dir='ltr'><strong>consolationis</strong></span> <span class='ocrx_word' id='word_1_235' title='bbox 1057 3889 1264 3974; x_wconf 85' lang='lat' dir='ltr'><strong>exspectavit</strong></span> <span class='ocrx_word' id='word_1_236' title='bbox 1290 3890 1348 3956; x_wconf 89' lang='lat' dir='ltr'><strong>ad-</strong></span> 
     </span>
     <span class='ocr_line' id='line_1_31' title="bbox 294 3985 1349 4073; baseline 0.002 -19"><span class='ocrx_word' id='word_1_237' title='bbox 294 3992 443 4054; x_wconf 84' lang='lat' dir='ltr'><strong>ventum.</strong></span> <span class='ocrx_word' id='word_1_238' title='bbox 489 3985 588 4052; x_wconf 91' lang='lat' dir='ltr'><strong>Unde</strong></span> <span class='ocrx_word' id='word_1_239' title='bbox 610 3986 827 4055; x_wconf 89' lang='lat' dir='ltr'><strong>consolationi</strong></span> <span class='ocrx_word' id='word_1_240' title='bbox 850 3987 921 4073; x_wconf 91' lang='lat' dir='ltr'><strong>ejus</strong></span> <span class='ocrx_word' id='word_1_241' title='bbox 950 4009 1019 4054; x_wconf 92' lang='lat' dir='ltr'><strong>non</strong></span> <span class='ocrx_word' id='word_1_242' title='bbox 1050 3989 1158 4056; x_wconf 85' lang='lat' dir='ltr'><strong>defuit</strong></span> <span class='ocrx_word' id='word_1_243' title='bbox 1189 3991 1349 4056; x_wconf 91' lang='lat' dir='ltr'><strong>bonorum</strong></span> 
     </span>
     <span class='ocr_line' id='line_1_32' title="bbox 294 4088 1351 4171; baseline 0.002 -13"><span class='ocrx_word' id='word_1_244' title='bbox 294 4091 443 4158; x_wconf 91' lang='lat' dir='ltr'><strong>omnium</strong></span> <span class='ocrx_word' id='word_1_245' title='bbox 467 4088 668 4156; x_wconf 81' lang='lat' dir='ltr'><strong>Consolator.</strong></span> <span class='ocrx_word' id='word_1_246' title='bbox 715 4089 848 4171; x_wconf 77' lang='lat' dir='ltr'><strong>Quanto</strong></span> <span class='ocrx_word' id='word_1_247' title='bbox 870 4091 958 4155; x_wconf 90' lang='lat' dir='ltr'><strong>enim</strong></span> <span class='ocrx_word' id='word_1_248' title='bbox 981 4091 1023 4156; x_wconf 89' lang='lat' dir='ltr'><strong>ab</strong></span> <span class='ocrx_word' id='word_1_249' title='bbox 1046 4091 1198 4158; x_wconf 89' lang='lat' dir='ltr'><strong>humanis</strong></span> <span class='ocrx_word' id='word_1_250' title='bbox 1214 4093 1301 4160; x_wconf 88' lang='lat' dir='ltr'><strong>curis</strong></span> <span class='ocrx_word' id='word_1_251' title='bbox 1316 4115 1351 4160; x_wconf 86' lang='lat' dir='ltr'><strong>se</strong></span> 
     </span>
     <span class='ocr_line' id='line_1_33' title="bbox 296 4190 1348 4279; baseline 0.002 -21"><span class='ocrx_word' id='word_1_252' title='bbox 296 4190 533 4278; x_wconf 80' lang='lat' dir='ltr'><strong>sequestrabat,</strong></span> <span class='ocrx_word' id='word_1_253' title='bbox 556 4196 652 4258; x_wconf 85' lang='lat' dir='ltr'><strong>tanto</strong></span> <span class='ocrx_word' id='word_1_254' title='bbox 674 4191 725 4256; x_wconf 92' lang='lat' dir='ltr'><strong>illi</strong></span> <span class='ocrx_word' id='word_1_255' title='bbox 752 4191 968 4279; x_wconf 89' lang='lat' dir='ltr'><strong>propinquior</strong></span> <span class='ocrx_word' id='word_1_256' title='bbox 990 4199 1062 4260; x_wconf 87' lang='lat' dir='ltr'><strong>erat</strong></span> <span class='ocrx_word' id='word_1_257' title='bbox 1085 4194 1152 4277; x_wconf 77' lang='lat' dir='ltr'><strong>Qui</strong></span> <span class='ocrx_word' id='word_1_258' title='bbox 1175 4197 1243 4262; x_wconf 91' lang='lat' dir='ltr'><strong>suis</strong></span> <span class='ocrx_word' id='word_1_259' title='bbox 1265 4217 1348 4263; x_wconf 88' lang='lat' dir='ltr'><strong>sem-</strong></span> 
     </span>
     <span class='ocr_line' id='line_1_34' title="bbox 296 4293 1100 4382; baseline 0.005 -24"><span class='ocrx_word' id='word_1_260' title='bbox 296 4316 356 4382; x_wconf 89' lang='lat' dir='ltr'><strong>per</strong></span> <span class='ocrx_word' id='word_1_261' title='bbox 378 4299 429 4359; x_wconf 88' lang='lat' dir='ltr'><strong>est</strong></span> <span class='ocrx_word' id='word_1_262' title='bbox 451 4313 594 4379; x_wconf 85' lang='lat' dir='ltr'><strong>praesens</strong></span> <span class='ocrx_word' id='word_1_263' title='bbox 617 4298 652 4359; x_wconf 90' lang='lat' dir='ltr'><strong>et</strong></span> <span class='ocrx_word' id='word_1_264' title='bbox 674 4293 864 4360; x_wconf 87' lang='lat' dir='ltr'><strong>indeficiens</strong></span> <span class='ocrx_word' id='word_1_265' title='bbox 886 4295 1100 4362; x_wconf 86' lang='lat' dir='ltr'><strong>ministrator.</strong></span> 
     </span>
    </p>

    <p class='ocr_par' dir='ltr' id='par_1_3' title="bbox 297 4395 1525 4698">
     <span class='ocr_line' id='line_1_35' title="bbox 342 4395 1485 4486; baseline -0.006 -24"><span class='ocrx_word' id='word_1_266' title='bbox 342 4396 469 4462; x_wconf 84' lang='lat' dir='ltr'><strong>Videns</strong></span> <span class='ocrx_word' id='word_1_267' title='bbox 491 4395 595 4482; x_wconf 83' lang='lat' dir='ltr'><strong>igitur</strong></span> <span class='ocrx_word' id='word_1_268' title='bbox 609 4395 823 4464; x_wconf 70' lang='lat' dir='ltr'><strong>bonus‘Deus</strong></span> <span class='ocrx_word' id='word_1_269' title='bbox 837 4396 947 4463; x_wconf 92' lang='lat' dir='ltr'><strong>nobile</strong></span> <span class='ocrx_word' id='word_1_270' title='bbox 963 4398 1133 4465; x_wconf 88' lang='lat' dir='ltr'><strong>vasculum</strong></span> <span class='ocrx_word' id='word_1_271' title='bbox 1150 4399 1347 4468; x_wconf 88' lang='lat' dir='ltr'><strong>thesaurarii</strong></span> <span class='ocrx_word' id='word_1_272' title='bbox 1359 4406 1409 4460; x_wconf 81' lang='lat' dir='ltr'><strong>His</strong></span> <span class='ocrx_word' id='word_1_273' title='bbox 1420 4413 1485 4486; x_wconf 73' lang='lat' dir='ltr'><strong>tao⁸</strong></span> 
     </span>
     <span class='ocr_line' id='line_1_36' title="bbox 298 4476 1525 4608; baseline 0.002 -40"><span class='ocrx_word' id='word_1_274' title='bbox 298 4500 342 4568; x_wconf 84' lang='lat' dir='ltr'><strong>ad</strong></span> <span class='ocrx_word' id='word_1_275' title='bbox 364 4498 532 4565; x_wconf 89' lang='lat' dir='ltr'><strong>unctionis</strong></span> <span class='ocrx_word' id='word_1_276' title='bbox 553 4485 698 4564; x_wconf 79' lang='lat' dir='ltr'><strong>nobilem</strong></span> <span class='ocrx_word' id='word_1_277' title='bbox 721 4499 913 4565; x_wconf 87' lang='lat' dir='ltr'><strong>thesaurum</strong></span> <span class='ocrx_word' id='word_1_278' title='bbox 947 4507 1092 4586; x_wconf 84' lang='lat' dir='ltr'><strong>septenae</strong></span> <span class='ocrx_word' id='word_1_279' title='bbox 1115 4502 1245 4572; x_wconf 86' lang='lat' dir='ltr'><strong>lavacro</strong></span> <span class='ocrx_word' id='word_1_280' title='bbox 1277 4476 1525 4608; x_wconf 48' lang='lat' dir='ltr'><strong>poe-ffgffl‘l</strong></span> 
     </span>
     <span class='ocr_line' id='line_1_37' title="bbox 297 4599 1514 4698; baseline 0.006 -31"><span class='ocrx_word' id='word_1_281' title='bbox 297 4601 463 4668; x_wconf 82' lang='lat' dir='ltr'><strong>mitudinis</strong></span> <span class='ocrx_word' id='word_1_282' title='bbox 484 4599 528 4668; x_wconf 90' lang='lat' dir='ltr'><strong>ad</strong></span> <span class='ocrx_word' id='word_1_283' title='bbox 550 4622 694 4689; x_wconf 86' lang='lat' dir='ltr'><strong>unguem</strong></span> <span class='ocrx_word' id='word_1_284' title='bbox 713 4603 938 4681; x_wconf 87' lang='lat' dir='ltr'><strong>emundatum,</strong></span> <span class='ocrx_word' id='word_1_285' title='bbox 954 4603 1079 4698; x_wconf 84' lang='lat' dir='ltr'><strong>majora</strong></span> <span class='ocrx_word' id='word_1_286' title='bbox 1093 4605 1123 4671; x_wconf 90' lang='grc'><strong>11</strong></span> <span class='ocrx_word' id='word_1_287' title='bbox 1139 4607 1351 4674; x_wconf 86' lang='lat' dir='ltr'><strong>adversantia</strong></span> <span class='ocrx_word' id='word_1_288' title='bbox 1362 4605 1451 4674; x_wconf 77' lang='lat' dir='ltr'><strong>genius</strong></span> <span class='ocrx_word' id='word_1_289' title='bbox 1462 4605 1514 4654; x_wconf 57' lang='grc' dir='ltr'><em>Μ</em></span> 
     </span>
    </p>
   </div>
   <div class='ocr_carea' id='block_1_3' title="bbox 300 4671 1516 4796">
    <p class='ocr_par' dir='ltr' id='par_1_4' title="bbox 300 4671 1516 4796">
     <span class='ocr_line' id='line_1_38' title="bbox 300 4671 1516 4796; baseline -0.018 -8"><span class='ocrx_word' id='word_1_290' title='bbox 300 4701 426 4788; x_wconf 61' lang='grc' dir='ltr'><strong>11611Ῡὶ1</strong></span> <span class='ocrx_word' id='word_1_291' title='bbox 448 4723 467 4768; x_wconf 83' lang='grc' dir='ltr'>θ</span> <span class='ocrx_word' id='word_1_292' title='bbox 490 4703 607 4770; x_wconf 79' lang='lat' dir='ltr'><strong>medio.</strong></span> <span class='ocrx_word' id='word_1_293' title='bbox 654 4705 743 4770; x_wconf 87' lang='lat' dir='ltr'><strong>llors</strong></span> <span class='ocrx_word' id='word_1_294' title='bbox 767 4705 864 4784; x_wconf 89' lang='lat' dir='ltr'><strong>enim,</strong></span> <span class='ocrx_word' id='word_1_295' title='bbox 887 4705 981 4792; x_wconf 90' lang='lat' dir='ltr'><strong>cujus</strong></span> <span class='ocrx_word' id='word_1_296' title='bbox 1003 4707 1170 4774; x_wconf 86' lang='lat' dir='ltr'><strong>sententia</strong></span> <span class='ocrx_word' id='word_1_297' title='bbox 1192 4709 1235 4775; x_wconf 89' lang='lat' dir='ltr'><strong>ad</strong></span> <span class='ocrx_word' id='word_1_298' title='bbox 1258 4671 1516 4796; x_wconf 56' lang='lat' dir='ltr'><strong>pariaffifflffp</strong></span> 
     </span>
    </p>
   </div>
   <div class='ocr_carea' id='block_1_4' title="bbox 392 4841 1220 4914">
    <p class='ocr_par' dir='ltr' id='par_1_5' title="bbox 392 4841 1220 4914">
     <span class='ocr_line' id='line_1_39' title="bbox 392 4841 1220 4914; baseline -0.023 -20"><span class='ocrx_word' id='word_1_299' title='bbox 392 4841 416 4894; x_wconf 89' lang='grc' dir='ltr'>Ο</span> <span class='ocrx_word' id='word_1_300' title='bbox 429 4841 486 4893; x_wconf 79' lang='grc'><strong>571.</strong></span> <span class='ocrx_word' id='word_1_301' title='bbox 1202 4864 1220 4914; x_wconf 64' lang='lat' dir='ltr'>s</span> 
     </span>
    </p>
   </div>
   <div class='ocr_carea' id='block_1_5' title="bbox 0 0 1845 5796">
    <p class='ocr_par' dir='ltr' id='par_1_6' title="bbox 0 0 1845 5796">
     <span class='ocr_line' id='line_1_40' title="bbox 0 0 1845 5796; baseline 0 0"><span class='ocrx_word' id='word_1_302' title='bbox 0 0 1845 5796; x_wconf 95' lang='lat' dir='ltr'><strong> </strong></span> 
     </span>
    </p>
   </div>
  </div>
 </body>
</html>
