3606 5798
661 889 822 940 ruorosu
843 888 1022 939 asorruo.
1295 871 1359 937 269

349 1070 456 1152 Quom
479 1071 571 1139 Deus
593 1071 734 1150 ornavit,
756 1077 792 1138 et
813 1093 911 1158 quem
933 1071 981 1138 sio
1002 1071 1079 1136 dote
1102 1067 1223 1136 beavit.

260 1177 263 1184 ’
349 1171 437 1260 Ergo
460 1171 660 1240 Ponsfraotoe
682 1173 816 1260 proprie
837 1173 987 1240 bonitate
1009 1175 1131 1238 ooaetee

350 1274 480 1342 Olames
501 1274 625 1362 absque
648 1295 741 1342 mora
762 1261 805 1341 ue
827 1273 959 1342 claudes
981 1274 1136 1341 laudibus
1159 1292 1224 1339 ora

348 1375 482 1464 Jogiter
503 1397 604 1443 exora
625 1395 685 1462 pro
707 1375 847 1464 praesule
869 1397 949 1444 νοω
972 1395 1098 1454 sonora,

349 1477 399 1544 Ut
421 1478 467 1544 sit
488 1478 531 1544 ab
553 1477 616 1544 hae
637 1477 719 1544 hora
741 1477 880 1545 caelestis
902 1477 986 1545 lusis
1008 1478 1045 1542 in
1067 1493 1132 1542 ora
1316 1476 1358 1537 25

350 1579 405 1644 Ad
427 1579 617 1646 osthodram
640 1579 712 1646 eseli
734 1599 848 1666 precor
869 1585 910 1644 ut
931 1601 1006 1648 eum
1028 1577 1124 1664 plebe
1146 1575 1237 1642 fidoli

348 1679 475 1746 Praesul
497 1681 649 1766 porteris,
671 1681 776 1746 stibi
799 1701 930 1746 rursum
953 1679 1162 1746 cathedraris.

349 1782 514 1848 Mundum
537 1782 657 1862 vicisti,
680 1781 847 1868 propriam
871 1803 1002 1848 earnem
1025 1781 1201 1858 domuisti3

349 1884 472 1950 Omnia
493 1884 659 1970 sprevisti,
682 1884 817 1950 tandem
840 1885 981 1970 migrare
1004 1883 1118 1970 petisti

349 1987 404 2050 Ad
426 1985 577 2051 bravium
602 1984 737 2063 Christi,
760 2005 820 2071 pro
844 1979 918 2067 Qu'o
940 1991 993 2052 tot
1015 1985 1098 2052 dura
1121 1983 1237 2050 tulisti
1314 1985 1358 2049 30

349 2087 488 2153 Gemma
510 2087 725 2164 sacerdotum,
742 2088 844 2173 jubar
866 2085 1020 2165 eeclesiae,
1042 2085 1276 2152 monachorum

339 2188 437 2266 Dux,
460 2188 521 2254 flos
543 2195 723 2275 pastorum,
746 2189 881 2256 claustri
903 2189 1082 2275 speculum,
1104 2189 1161 2256 via
1175 2209 1313 2266 morum,

349 2289 477 2356 Somita
493 2291 672 2376 justorum,
694 2289 928 2376 supplantator
949 2291 1118 2368 vitiorum,

349 2389 391 2456 In
412 2397 447 2456 ts
469 2390 799 2478 cunctorum-viguit
820 2391 968 2458 mixtura
989 2392 1168 2458 bonorum!
1188 2472 1193 2484 ·

348 2491 496 2558 'l'ransiit
517 2492 657 2558 antistes
679 2492 723 2558 ad
745 2491 868 2579 gaudia
889 2514 1018 2560 summa
1040 2494 1190 2580 polorum
1314 2495 1356 2558 35

350 2581 491 2659 Praeruie
513 2597 706 2678 sumpturus
729 2593 905 2660 indefinita
926 2595 1083 2660 laborum.

349 2691 437 2760 Proh
459 2693 553 2760 dolor
574 2695 841 2782 Anglorum·flos
863 2698 1013 2774 marcuit,
1034 2698 1124 2763 aruit
1145 2697 1208 2761 isto

349 2795 485 2875 Mundo,
508 2797 565 2863 sed
587 2797 666 2864 caelo
688 2797 794 2874 vivat,
816 2804 851 2862 ta
873 2799 1022 2883 preside,
1045 2798 1184 2865 Christo.

349 2897 427 2964 Heu
448 2897 533 2964 nulli
556 2899 664 2985 pretio
685 2921 773 2966 mors
794 2897 936 2978 horrida,
958 2921 1045 2966 mors
1067 2901 1254 2978 metuenda,

349 2999 438 3065 Mors
460 3001 585 3086 pietate
608 3021 730 3078 oarons,
752 3021 840 3066 mors
861 3001 986 3080 invida,
1008 3023 1095 3068 mors
1117 3002 1282 3090 fugienda,
1407 3059 1411 3066 .

203 3101 208 3110 '
349 3100 477 3168 Inoutis
498 3101 657 3180 horrores,
679 3101 781 3168 infers
803 3103 994 3169 truculenta
1014 3125 1171 3190 pavorss3
1298 3105 1356 3189 [40

349 3203 476 3269 Fundis
498 3225 672 3284 moerores3
694 3205 774 3272 facis
797 3210 833 3270 et
855 3211 931 3292 post
952 3206 1021 3272 leta
1042 3197 1176 3272 dolores.

351 3304 433 3386 Quis
455 3304 521 3372 fuit
542 3305 597 3372 hio
619 3305 751 3371 scisne?
773 3326 861 3372 mors
882 3306 994 3394 impia,
1017 3329 1115 3393 quam
1137 3308 1303 3394 rapuisti?

348 3405 422 3472 Lux
445 3407 554 3474 fuerat
575 3407 702 3494 patriae,
725 3407 803 3474 oleri
826 3408 941 3487 deoru·
957 3409 1079 3476 assecla
1102 3409 1236 3475 Christi.

348 3507 485 3575 Nesciat
507 3509 674 3574 infernum
697 3509 745 3575 sio
766 3509 879 3575 salvus
901 3511 945 3576 ab
967 3511 1099 3597 agmine
1121 3516 1218 3590 tetro,
1312 3515 1354 3577 45

346 3609 450 3676 Vivet
471 3611 508 3675 in
531 3615 693 3676 aetornum
714 3617 880 3677 reserante
900 3611 1014 3698 polum
1036 3613 1100 3678 sibi
1122 3612 1237 3680 Petro!

348 3711 398 3778 Ut
420 3713 516 3779 vivat
537 3711 676 3799 rapitur,
698 3714 777 3800 quia
799 3719 914 3801 raptus
936 3713 1009 3780 lues
1031 3715 1178 3800 potitur;

348 3812 404 3880 sie
427 3813 548 3880 Ennok
571 3814 694 3901 legitur
715 3821 867 3901 sumptus
889 3835 932 3880 ne
954 3821 1059 3881 morto
1081 3816 1206 3882 feritur.

348 3914 433 3981 Cum
456 3915 589 3982 Christo
612 3916 700 3981 vivit
722 3915 922 3982 Thurstinus
943 3915 985 3981 in·
1001 3917 1133 4004 agmine
1155 3917 1236 3996 oaeli,

349 4016 415 4098 Qui
439 4017 512 4084 Sibi
534 4018 675 4084 servivit
697 4017 814 4084 mundi
836 4019 878 4084 de
900 4023 1011 4085 mente
1034 4017 1133 4087 fideli.
1312 4025 1355 4086 50

348 4119 435 4207 Ergo
457 4141 524 4186 non
547 4118 658 4186 doleat
680 4120 831 4207 quisquis
853 4120 932 4187 lioet
953 4119 1009 4188 hio
1030 4121 1211 4202 moriatur;

347 4219 468 4288 Oaeliea
489 4222 562 4287 vita
584 4221 662 4287 beat
684 4220 773 4288 huno
795 4221 853 4308 qui
877 4221 1010 4289 Christo
1032 4223 1220 4289 famulatur.

346 4322 425 4388 Nou
447 4323 551 4409 igitur
572 4323 679 4410 plores
702 4344 816 4401 unum,
838 4323 1036 4404 Ponsfreote,
1058 4325 1212 4404 sodalem,

345 4425 412 4490 Sed
435 4425 541 4512 magis
564 4447 678 4491 exores
700 4423 789 4492 huno
812 4447 881 4491 esse
903 4431 955 4491 ter
976 4427 1149 4514 specialem

346 4525 406 4590 Nil
428 4531 569 4612 prosunt
591 4526 754 4612 lacrymae,
776 4526 825 4592 nil
848 4527 1009 4614 planetus,
1033 4530 1186 4596 anxietas
1207 4532 1266 4611 nil,

391 4627 507 4695 cordis
528 4628 578 4694 nil
600 4649 709 4714 poena,
730 4629 874 4715 eorporis
896 4630 997 4697 immo
1018 4652 1137 4718 preces.
1178 4665 1188 4682 ·
1311 4639 1353 4704 56

301 4763 454 4853 usus
467 4763 650 4834 aaran
667 4765 854 4846 uorat,
869 4767 1356 4862 woopsuprsaorasmo.
1427 4809 1435 4818 -
