<?xml version="1.0" encoding="UTF-8"?>
<!DOCTYPE html PUBLIC "-//W3C//DTD XHTML 1.0 Transitional//EN"
    "http://www.w3.org/TR/xhtml1/DTD/xhtml1-transitional.dtd">
<html xmlns="http://www.w3.org/1999/xhtml" xml:lang="en" lang="en">
 <head>
  <title>
</title>
<meta http-equiv="Content-Type" content="text/html;charset=utf-8" />
  <meta name='ocr-system' content='tesseract 3.04.00' />
  <meta name='ocr-capabilities' content='ocr_page ocr_carea ocr_par ocr_line ocrx_word'/>
</head>
<body>
  <div class='ocr_page' id='page_1' title='image "./historianschurc00raingoog/historianschurc00raingoog_0515.png"; bbox 0 0 3454 5816; ppageno 0'>
   <div class='ocr_carea' id='block_1_1' title="bbox 506 891 1003 940">
    <p class='ocr_par' dir='ltr' id='par_1_1' title="bbox 506 891 1003 940">
     <span class='ocr_line' id='line_1_1' title="bbox 506 891 1003 940; baseline 0.006 -3"><span class='ocrx_word' id='word_1_1' title='bbox 506 891 549 938; x_wconf 80' lang='lat' dir='ltr'><strong>OF</strong></span> <span class='ocrx_word' id='word_1_2' title='bbox 572 891 641 938; x_wconf 83' lang='lat' dir='ltr'><strong>THE</strong></span> <span class='ocrx_word' id='word_1_3' title='bbox 665 891 808 940; x_wconf 72' lang='lat' dir='ltr'>0111}ch</span> <span class='ocrx_word' id='word_1_4' title='bbox 832 891 875 938; x_wconf 85' lang='lat' dir='ltr'><strong>OF</strong></span> <span class='ocrx_word' id='word_1_5' title='bbox 899 891 1003 940; x_wconf 85' lang='lat' dir='ltr'><strong>YORK.</strong></span> 
     </span>
    </p>
   </div>
   <div class='ocr_carea' id='block_1_2' title="bbox 234 1070 1445 4709">
    <p class='ocr_par' dir='ltr' id='par_1_2' title="bbox 279 1070 993 1157">
     <span class='ocr_line' id='line_1_2' title="bbox 279 1070 993 1157; baseline 0.006 -22"><span class='ocrx_word' id='word_1_6' title='bbox 279 1070 407 1157; x_wconf 82' lang='lat' dir='ltr'><strong>Corpus</strong></span> <span class='ocrx_word' id='word_1_7' title='bbox 429 1073 463 1136; x_wconf 90' lang='lat' dir='ltr'><strong>in</strong></span> <span class='ocrx_word' id='word_1_8' title='bbox 487 1072 622 1139; x_wconf 88' lang='lat' dir='ltr'><strong>ecclesia</strong></span> <span class='ocrx_word' id='word_1_9' title='bbox 643 1073 806 1140; x_wconf 86' lang='lat' dir='ltr'><strong>Johanuie</strong></span> <span class='ocrx_word' id='word_1_10' title='bbox 829 1072 993 1153; x_wconf 76' lang='lat' dir='ltr'><strong>humatur,</strong></span> 
     </span>
    </p>

    <p class='ocr_par' dir='ltr' id='par_1_3' title="bbox 281 1171 913 1261">
     <span class='ocr_line' id='line_1_3' title="bbox 281 1171 913 1261; baseline 0.009 -27"><span class='ocrx_word' id='word_1_11' title='bbox 281 1171 409 1238; x_wconf 86' lang='lat' dir='ltr'>Ibidem</span> <span class='ocrx_word' id='word_1_12' title='bbox 433 1173 591 1240; x_wconf 88' lang='lat' dir='ltr'><strong>miracula</strong></span> <span class='ocrx_word' id='word_1_13' title='bbox 614 1175 728 1240; x_wconf 88' lang='lat' dir='ltr'><strong>multis</strong></span> <span class='ocrx_word' id='word_1_14' title='bbox 751 1181 913 1261; x_wconf 75' lang='lat' dir='ltr'><strong>operatur.</strong></span> 
     </span>
    </p>

    <p class='ocr_par' dir='ltr' id='par_1_4' title="bbox 280 1271 918 1352">
     <span class='ocr_line' id='line_1_4' title="bbox 280 1271 918 1352; baseline 0.006 -16"><span class='ocrx_word' id='word_1_15' title='bbox 280 1271 427 1339; x_wconf 89' lang='lat' dir='ltr'><strong>Pretioso</strong></span> <span class='ocrx_word' id='word_1_16' title='bbox 450 1276 568 1340; x_wconf 87' lang='lat' dir='ltr'><strong>scrinio</strong></span> <span class='ocrx_word' id='word_1_17' title='bbox 591 1297 664 1342; x_wconf 86' lang='lat' dir='ltr'><strong>ossa</strong></span> <span class='ocrx_word' id='word_1_18' title='bbox 686 1277 918 1352; x_wconf 87' lang='lat' dir='ltr'><strong>reconduntur,</strong></span> 
     </span>
    </p>

    <p class='ocr_par' dir='ltr' id='par_1_5' title="bbox 280 1373 973 1444">
     <span class='ocr_line' id='line_1_5' title="bbox 280 1373 973 1444; baseline 0.007 -5"><span class='ocrx_word' id='word_1_19' title='bbox 280 1373 324 1440; x_wconf 89' lang='lat' dir='ltr'><strong>Et</strong></span> <span class='ocrx_word' id='word_1_20' title='bbox 346 1397 366 1439; x_wconf 89' lang='lat' dir='ltr'><strong>a</strong></span> <span class='ocrx_word' id='word_1_21' title='bbox 388 1376 503 1440; x_wconf 89' lang='lat' dir='ltr'><strong>multis</strong></span> <span class='ocrx_word' id='word_1_22' title='bbox 525 1377 647 1442; x_wconf 88' lang='lat' dir='ltr'><strong>finibus</strong></span> <span class='ocrx_word' id='word_1_23' title='bbox 671 1378 789 1444; x_wconf 85' lang='lat' dir='ltr'><strong>devote</strong></span> <span class='ocrx_word' id='word_1_24' title='bbox 812 1378 973 1444; x_wconf 89' lang='lat' dir='ltr'><strong>coluntur.</strong></span> 
     </span>
    </p>

    <p class='ocr_par' dir='ltr' id='par_1_6' title="bbox 280 1474 1194 1556">
     <span class='ocr_line' id='line_1_6' title="bbox 280 1474 1194 1556; baseline 0.005 -17"><span class='ocrx_word' id='word_1_25' title='bbox 280 1474 335 1541; x_wconf 86' lang='lat' dir='ltr'><strong>Sic</strong></span> <span class='ocrx_word' id='word_1_26' title='bbox 357 1476 530 1544; x_wconf 86' lang='lat' dir='ltr'><strong>Wilfridus</strong></span> <span class='ocrx_word' id='word_1_27' title='bbox 552 1479 673 1544; x_wconf 86' lang='lat' dir='ltr'><strong>Junior</strong></span> <span class='ocrx_word' id='word_1_28' title='bbox 695 1479 771 1544; x_wconf 90' lang='lat' dir='ltr'><strong>sede</strong></span> <span class='ocrx_word' id='word_1_29' title='bbox 793 1479 1000 1556; x_wconf 85' lang='lat' dir='ltr'><strong>sublimatus,</strong></span> <span class='ocrx_word' id='word_1_30' title='bbox 1165 1503 1194 1544; x_wconf 93' lang='lat' dir='ltr'><strong>v.</strong></span> 
     </span>
    </p>

    <p class='ocr_par' dir='ltr' id='par_1_7' title="bbox 234 1576 919 1668">
     <span class='ocr_line' id='line_1_7' title="bbox 234 1576 919 1668; baseline 0.006 -28"><span class='ocrx_word' id='word_1_31' title='bbox 234 1663 238 1668; x_wconf 25' lang='grc' dir='ltr'>Ι</span> <span class='ocrx_word' id='word_1_32' title='bbox 279 1576 359 1642; x_wconf 83' lang='lat' dir='ltr'><strong>Vita</strong></span> <span class='ocrx_word' id='word_1_33' title='bbox 381 1600 441 1643; x_wconf 89' lang='lat' dir='ltr'><strong>sua</strong></span> <span class='ocrx_word' id='word_1_34' title='bbox 463 1579 584 1644; x_wconf 87' lang='lat' dir='ltr'><strong>claruit</strong></span> <span class='ocrx_word' id='word_1_35' title='bbox 606 1581 709 1667; x_wconf 83' lang='lat' dir='ltr'><strong>gestis</strong></span> <span class='ocrx_word' id='word_1_36' title='bbox 731 1579 919 1646; x_wconf 88' lang='lat' dir='ltr'><strong>honoratus.</strong></span> 
     </span>
    </p>

    <p class='ocr_par' dir='ltr' id='par_1_8' title="bbox 279 1677 1039 1766">
     <span class='ocr_line' id='line_1_8' title="bbox 279 1677 1039 1766; baseline 0.005 -24"><span class='ocrx_word' id='word_1_37' title='bbox 279 1677 349 1743; x_wconf 91' lang='lat' dir='ltr'><strong>Ivit</strong></span> <span class='ocrx_word' id='word_1_38' title='bbox 371 1700 429 1765; x_wconf 89' lang='lat' dir='ltr'><strong>per</strong></span> <span class='ocrx_word' id='word_1_39' title='bbox 451 1680 654 1766; x_wconf 87' lang='lat' dir='ltr'><strong>provinciam</strong></span> <span class='ocrx_word' id='word_1_40' title='bbox 677 1702 789 1748; x_wconf 90' lang='lat' dir='ltr'><strong>curam</strong></span> <span class='ocrx_word' id='word_1_41' title='bbox 812 1681 1039 1759; x_wconf 89' lang='lat' dir='ltr'><strong>ministrando,</strong></span> 
     </span>
    </p>

    <p class='ocr_par' dir='ltr' id='par_1_9' title="bbox 279 1778 942 1868">
     <span class='ocr_line' id='line_1_9' title="bbox 279 1778 942 1868; baseline 0.009 -24"><span class='ocrx_word' id='word_1_42' title='bbox 279 1778 404 1846; x_wconf 87' lang='lat' dir='ltr'><strong>Salutis</strong></span> <span class='ocrx_word' id='word_1_43' title='bbox 426 1783 597 1848; x_wconf 85' lang='lat' dir='ltr'><strong>scientiam</strong></span> <span class='ocrx_word' id='word_1_44' title='bbox 621 1783 710 1868; x_wconf 92' lang='lat' dir='ltr'><strong>plebi</strong></span> <span class='ocrx_word' id='word_1_45' title='bbox 733 1805 802 1848; x_wconf 88' lang='lat' dir='ltr'><strong>suae</strong></span> <span class='ocrx_word' id='word_1_46' title='bbox 824 1783 942 1850; x_wconf 89' lang='lat' dir='ltr'><strong>dando.</strong></span> 
     </span>
    </p>

    <p class='ocr_par' dir='ltr' id='par_1_10' title="bbox 278 1881 1094 1971">
     <span class='ocr_line' id='line_1_10' title="bbox 278 1881 1094 1971; baseline 0.009 -27"><span class='ocrx_word' id='word_1_47' title='bbox 278 1881 323 1946; x_wconf 87' lang='lat' dir='ltr'><strong>Et</strong></span> <span class='ocrx_word' id='word_1_48' title='bbox 346 1887 420 1968; x_wconf 91' lang='lat' dir='ltr'><strong>post</strong></span> <span class='ocrx_word' id='word_1_49' title='bbox 441 1903 545 1948; x_wconf 88' lang='lat' dir='ltr'><strong>anuos</strong></span> <span class='ocrx_word' id='word_1_50' title='bbox 569 1885 757 1970; x_wconf 90' lang='lat' dir='ltr'><strong>quindecim</strong></span> <span class='ocrx_word' id='word_1_51' title='bbox 781 1884 816 1950; x_wconf 90' lang='lat' dir='ltr'><strong>in</strong></span> <span class='ocrx_word' id='word_1_52' title='bbox 839 1905 919 1971; x_wconf 88' lang='lat' dir='ltr'><strong>pace</strong></span> <span class='ocrx_word' id='word_1_53' title='bbox 941 1884 1094 1970; x_wconf 85' lang='lat' dir='ltr'><strong>quievit3</strong></span> 
     </span>
    </p>

    <p class='ocr_par' dir='ltr' id='par_1_11' title="bbox 277 1983 1048 2073">
     <span class='ocr_line' id='line_1_11' title="bbox 277 1983 1048 2073; baseline 0.008 -27"><span class='ocrx_word' id='word_1_54' title='bbox 277 1983 356 2048; x_wconf 91' lang='lat' dir='ltr'><strong>Post</strong></span> <span class='ocrx_word' id='word_1_55' title='bbox 377 1984 521 2050; x_wconf 89' lang='lat' dir='ltr'><strong>laborem</strong></span> <span class='ocrx_word' id='word_1_56' title='bbox 544 1987 687 2073; x_wconf 85' lang='lat' dir='ltr'><strong>corporis</strong></span> <span class='ocrx_word' id='word_1_57' title='bbox 709 2007 831 2054; x_wconf 85' lang='lat' dir='ltr'><strong>merces</strong></span> <span class='ocrx_word' id='word_1_58' title='bbox 854 1987 1048 2054; x_wconf 80' lang='lat' dir='ltr'><strong>succrevit.</strong></span> 
     </span>
    </p>

    <p class='ocr_par' dir='ltr' id='par_1_12' title="bbox 276 2085 1399 2278">
     <span class='ocr_line' id='line_1_12' title="bbox 276 2085 1399 2175; baseline 0.001 -25"><span class='ocrx_word' id='word_1_59' title='bbox 276 2085 440 2171; x_wconf 79' lang='lat' dir='ltr'><strong>Egbertus</strong></span> <span class='ocrx_word' id='word_1_60' title='bbox 463 2087 633 2174; x_wconf 85' lang='lat' dir='ltr'><strong>episcopus</strong></span> <span class='ocrx_word' id='word_1_61' title='bbox 656 2089 765 2154; x_wconf 84' lang='lat' dir='ltr'><strong>sedem</strong></span> <span class='ocrx_word' id='word_1_62' title='bbox 788 2093 869 2154; x_wconf 89' lang='lat' dir='ltr'><strong>tunc</strong></span> <span class='ocrx_word' id='word_1_63' title='bbox 891 2088 1045 2175; x_wconf 73' lang='lat' dir='ltr'><strong>suscepit,</strong></span> <span class='ocrx_word' id='word_1_64' title='bbox 1156 2089 1199 2153; x_wconf 91' lang='lat' dir='ltr'><strong>vi.</strong></span> <span class='ocrx_word' id='word_1_65' title='bbox 1219 2086 1399 2154; x_wconf 56' lang='grc'><strong>1251111-</strong></span> 
     </span>
     <span class='ocr_line' id='line_1_13' title="bbox 277 2187 1096 2278; baseline 0.005 -28"><span class='ocrx_word' id='word_1_66' title='bbox 277 2187 355 2252; x_wconf 83' lang='lat' dir='ltr'><strong>Post</strong></span> <span class='ocrx_word' id='word_1_67' title='bbox 378 2187 554 2254; x_wconf 89' lang='lat' dir='ltr'><strong>Paulinum</strong></span> <span class='ocrx_word' id='word_1_68' title='bbox 577 2189 716 2275; x_wconf 85' lang='lat' dir='ltr'><strong>pallium</strong></span> <span class='ocrx_word' id='word_1_69' title='bbox 741 2190 865 2276; x_wconf 88' lang='lat' dir='ltr'><strong>primus</strong></span> <span class='ocrx_word' id='word_1_70' title='bbox 888 2189 943 2256; x_wconf 88' lang='lat' dir='ltr'><strong>hie</strong></span> <span class='ocrx_word' id='word_1_71' title='bbox 964 2190 1096 2278; x_wconf 85' lang='lat' dir='ltr'><strong>recepit,</strong></span> 
     </span>
    </p>

    <p class='ocr_par' dir='ltr' id='par_1_13' title="bbox 275 2291 934 2376">
     <span class='ocr_line' id='line_1_14' title="bbox 275 2291 934 2376; baseline 0.006 -22"><span class='ocrx_word' id='word_1_72' title='bbox 275 2291 373 2355; x_wconf 88' lang='lat' dir='ltr'><strong>Auno</strong></span> <span class='ocrx_word' id='word_1_73' title='bbox 396 2291 483 2356; x_wconf 89' lang='lat' dir='ltr'><strong>sedis</strong></span> <span class='ocrx_word' id='word_1_74' title='bbox 506 2297 620 2376; x_wconf 83' lang='lat' dir='ltr'><strong>postea</strong></span> <span class='ocrx_word' id='word_1_75' title='bbox 642 2292 768 2356; x_wconf 89' lang='lat' dir='ltr'><strong>triceno</strong></span> <span class='ocrx_word' id='word_1_76' title='bbox 791 2292 934 2358; x_wconf 89' lang='lat' dir='ltr'><strong>secundo</strong></span> 
     </span>
    </p>

    <p class='ocr_par' dir='ltr' id='par_1_14' title="bbox 278 2390 969 2478">
     <span class='ocr_line' id='line_1_15' title="bbox 278 2390 969 2478; baseline 0.006 -24"><span class='ocrx_word' id='word_1_77' title='bbox 278 2390 416 2458; x_wconf 81' lang='lat' dir='ltr'><strong>Eboraci</strong></span> <span class='ocrx_word' id='word_1_78' title='bbox 439 2393 575 2478; x_wconf 89' lang='lat' dir='ltr'><strong>ponitur</strong></span> <span class='ocrx_word' id='word_1_79' title='bbox 597 2393 749 2459; x_wconf 90' lang='lat' dir='ltr'><strong>sublatus</strong></span> <span class='ocrx_word' id='word_1_80' title='bbox 772 2394 813 2459; x_wconf 93' lang='lat' dir='ltr'><strong>de</strong></span> <span class='ocrx_word' id='word_1_81' title='bbox 837 2393 969 2459; x_wconf 89' lang='lat' dir='ltr'><strong>mundo.</strong></span> 
     </span>
    </p>

    <p class='ocr_par' dir='ltr' id='par_1_15' title="bbox 274 2493 1396 2784">
     <span class='ocr_line' id='line_1_16' title="bbox 275 2493 1396 2574; baseline 0.004 -18"><span class='ocrx_word' id='word_1_82' title='bbox 275 2493 433 2558; x_wconf 83' lang='lat' dir='ltr'><strong>Albcrtus</strong></span> <span class='ocrx_word' id='word_1_83' title='bbox 457 2494 493 2558; x_wconf 91' lang='lat' dir='ltr'><strong>in</strong></span> <span class='ocrx_word' id='word_1_84' title='bbox 515 2493 705 2560; x_wconf 82' lang='lat' dir='ltr'><strong>cathedram</strong></span> <span class='ocrx_word' id='word_1_85' title='bbox 729 2501 811 2560; x_wconf 89' lang='lat' dir='ltr'><strong>tunc</strong></span> <span class='ocrx_word' id='word_1_86' title='bbox 833 2503 884 2560; x_wconf 87' lang='lat' dir='ltr'><strong>est</strong></span> <span class='ocrx_word' id='word_1_87' title='bbox 905 2494 1112 2574; x_wconf 86' lang='lat' dir='ltr'><strong>sublimatus,</strong></span> <span class='ocrx_word' id='word_1_88' title='bbox 1135 2497 1191 2560; x_wconf 91' lang='lat' dir='ltr'><strong>vii.</strong></span> <span class='ocrx_word' id='word_1_89' title='bbox 1296 2501 1396 2554; x_wconf 73' lang='lat' dir='ltr'><strong>Albed-</strong></span> 
     </span>
     <span class='ocr_line' id='line_1_17' title="bbox 276 2595 1282 2681; baseline 0.007 -24"><span class='ocrx_word' id='word_1_90' title='bbox 276 2595 342 2661; x_wconf 89' lang='lat' dir='ltr'><strong>Hic</strong></span> <span class='ocrx_word' id='word_1_91' title='bbox 364 2595 509 2681; x_wconf 81' lang='lat' dir='ltr'><strong>suscepit</strong></span> <span class='ocrx_word' id='word_1_92' title='bbox 531 2596 668 2681; x_wconf 89' lang='lat' dir='ltr'><strong>pallium</strong></span> <span class='ocrx_word' id='word_1_93' title='bbox 691 2596 814 2663; x_wconf 87' lang='lat' dir='ltr'><strong>honore</strong></span> <span class='ocrx_word' id='word_1_94' title='bbox 837 2597 980 2664; x_wconf 86' lang='lat' dir='ltr'><strong>dotatus.</strong></span> <span class='ocrx_word' id='word_1_95' title='bbox 1219 2603 1282 2664; x_wconf 90' lang='grc'><strong>130</strong></span> 
     </span>
     <span class='ocr_line' id='line_1_18' title="bbox 274 2695 937 2784; baseline 0.005 -24"><span class='ocrx_word' id='word_1_96' title='bbox 274 2695 373 2761; x_wconf 80' lang='lat' dir='ltr'><strong>Anno</strong></span> <span class='ocrx_word' id='word_1_97' title='bbox 396 2697 641 2782; x_wconf 86' lang='lat' dir='ltr'><strong>quartodecimo</strong></span> <span class='ocrx_word' id='word_1_98' title='bbox 664 2697 716 2762; x_wconf 89' lang='lat' dir='ltr'><strong>sui</strong></span> <span class='ocrx_word' id='word_1_99' title='bbox 739 2698 937 2784; x_wconf 74' lang='lat' dir='ltr'><strong>praesulatus</strong></span> 
     </span>
    </p>

    <p class='ocr_par' dir='ltr' id='par_1_16' title="bbox 275 2797 1036 2886">
     <span class='ocr_line' id='line_1_19' title="bbox 275 2797 1036 2886; baseline 0.003 -24"><span class='ocrx_word' id='word_1_100' title='bbox 275 2797 369 2862; x_wconf 90' lang='lat' dir='ltr'><strong>Obiit</strong></span> <span class='ocrx_word' id='word_1_101' title='bbox 391 2797 579 2875; x_wconf 86' lang='lat' dir='ltr'><strong>catholicus,</strong></span> <span class='ocrx_word' id='word_1_102' title='bbox 603 2803 654 2864; x_wconf 89' lang='lat' dir='ltr'><strong>est</strong></span> <span class='ocrx_word' id='word_1_103' title='bbox 676 2799 711 2864; x_wconf 88' lang='lat' dir='ltr'><strong>in</strong></span> <span class='ocrx_word' id='word_1_104' title='bbox 734 2798 848 2886; x_wconf 86' lang='lat' dir='ltr'><strong>Burgh</strong></span> <span class='ocrx_word' id='word_1_105' title='bbox 871 2798 1036 2865; x_wconf 81' lang='lat' dir='ltr'><strong>humatus.</strong></span> 
     </span>
    </p>

    <p class='ocr_par' dir='ltr' id='par_1_17' title="bbox 275 2897 1444 3087">
     <span class='ocr_line' id='line_1_20' title="bbox 275 2897 1444 2986; baseline 0.001 -23"><span class='ocrx_word' id='word_1_106' title='bbox 275 2897 456 2964; x_wconf 86' lang='lat' dir='ltr'><strong>Embaldus</strong></span> <span class='ocrx_word' id='word_1_107' title='bbox 477 2905 553 2984; x_wconf 89' lang='lat' dir='ltr'><strong>post</strong></span> <span class='ocrx_word' id='word_1_108' title='bbox 576 2899 727 2985; x_wconf 89' lang='lat' dir='ltr'><strong>sequitur</strong></span> <span class='ocrx_word' id='word_1_109' title='bbox 749 2901 806 2986; x_wconf 93' lang='lat' dir='ltr'><strong>qui</strong></span> <span class='ocrx_word' id='word_1_110' title='bbox 829 2899 960 2966; x_wconf 89' lang='lat' dir='ltr'><strong>Primus</strong></span> <span class='ocrx_word' id='word_1_111' title='bbox 983 2905 1129 2978; x_wconf 86' lang='lat' dir='ltr'><strong>vocatur,</strong></span> <span class='ocrx_word' id='word_1_112' title='bbox 1152 2901 1220 2966; x_wconf 87' lang='lat' dir='ltr'><strong>viii.</strong></span> <span class='ocrx_word' id='word_1_113' title='bbox 1295 2909 1444 2964; x_wconf 77' lang='lat' dir='ltr'><strong>Esubaldl.</strong></span> 
     </span>
     <span class='ocr_line' id='line_1_21' title="bbox 275 3000 924 3087; baseline 0.009 -23"><span class='ocrx_word' id='word_1_114' title='bbox 275 3000 403 3066; x_wconf 90' lang='lat' dir='ltr'><strong>Ibidem</strong></span> <span class='ocrx_word' id='word_1_115' title='bbox 427 3001 599 3087; x_wconf 89' lang='lat' dir='ltr'><strong>episcopus</strong></span> <span class='ocrx_word' id='word_1_116' title='bbox 621 3002 685 3068; x_wconf 84' lang='lat' dir='ltr'><strong>rite</strong></span> <span class='ocrx_word' id='word_1_117' title='bbox 708 3008 924 3070; x_wconf 87' lang='lat' dir='ltr'><strong>consecratur.</strong></span> 
     </span>
    </p>

    <p class='ocr_par' dir='ltr' id='par_1_18' title="bbox 235 3101 1280 3290">
     <span class='ocr_line' id='line_1_22' title="bbox 235 3101 1280 3185; baseline 0.005 -21"><span class='ocrx_word' id='word_1_118' title='bbox 235 3145 236 3148; x_wconf 63' lang='lat'><strong>,</strong></span> <span class='ocrx_word' id='word_1_119' title='bbox 274 3101 364 3165; x_wconf 91' lang='lat' dir='ltr'><strong>Dum</strong></span> <span class='ocrx_word' id='word_1_120' title='bbox 387 3101 544 3167; x_wconf 89' lang='lat' dir='ltr'><strong>Albertus</strong></span> <span class='ocrx_word' id='word_1_121' title='bbox 567 3103 697 3168; x_wconf 88' lang='lat' dir='ltr'><strong>viveret</strong></span> <span class='ocrx_word' id='word_1_122' title='bbox 719 3101 825 3170; x_wconf 90' lang='lat' dir='ltr'><strong>eidem</strong></span> <span class='ocrx_word' id='word_1_123' title='bbox 849 3105 1005 3170; x_wconf 89' lang='lat' dir='ltr'><strong>successit</strong></span> <span class='ocrx_word' id='word_1_124' title='bbox 1017 3129 1026 3185; x_wconf 91' lang='lat'>;</span> <span class='ocrx_word' id='word_1_125' title='bbox 1217 3108 1280 3171; x_wconf 88' lang='grc'><strong>135</strong></span> 
     </span>
     <span class='ocr_line' id='line_1_23' title="bbox 275 3202 939 3290; baseline 0.005 -22"><span class='ocrx_word' id='word_1_126' title='bbox 275 3202 376 3268; x_wconf 85' lang='lat' dir='ltr'><strong>Sedes</strong></span> <span class='ocrx_word' id='word_1_127' title='bbox 398 3203 589 3289; x_wconf 86' lang='lat' dir='ltr'><strong>Apostoliea</strong></span> <span class='ocrx_word' id='word_1_128' title='bbox 610 3203 748 3290; x_wconf 87' lang='lat' dir='ltr'><strong>pallium</strong></span> <span class='ocrx_word' id='word_1_129' title='bbox 773 3205 939 3272; x_wconf 91' lang='lat' dir='ltr'><strong>concessit.</strong></span> 
     </span>
    </p>

    <p class='ocr_par' dir='ltr' id='par_1_19' title="bbox 273 3303 984 3390">
     <span class='ocr_line' id='line_1_24' title="bbox 273 3303 984 3390; baseline 0.006 -22"><span class='ocrx_word' id='word_1_130' title='bbox 273 3303 371 3369; x_wconf 84' lang='lat' dir='ltr'><strong>Anno</strong></span> <span class='ocrx_word' id='word_1_131' title='bbox 394 3304 614 3370; x_wconf 85' lang='lat' dir='ltr'><strong>sextodecimo</strong></span> <span class='ocrx_word' id='word_1_132' title='bbox 637 3311 712 3390; x_wconf 91' lang='lat' dir='ltr'><strong>post</strong></span> <span class='ocrx_word' id='word_1_133' title='bbox 734 3306 840 3370; x_wconf 88' lang='lat' dir='ltr'><strong>vitam</strong></span> <span class='ocrx_word' id='word_1_134' title='bbox 863 3305 984 3384; x_wconf 79' lang='lat' dir='ltr'><strong>finivit,</strong></span> 
     </span>
    </p>

    <p class='ocr_par' dir='ltr' id='par_1_20' title="bbox 275 3404 945 3492">
     <span class='ocr_line' id='line_1_25' title="bbox 275 3404 945 3492; baseline 0.007 -25"><span class='ocrx_word' id='word_1_135' title='bbox 275 3404 440 3471; x_wconf 85' lang='lat' dir='ltr'><strong>Eborecus</strong></span> <span class='ocrx_word' id='word_1_136' title='bbox 463 3406 606 3491; x_wconf 84' lang='lat' dir='ltr'><strong>corporis</strong></span> <span class='ocrx_word' id='word_1_137' title='bbox 629 3405 761 3492; x_wconf 83' lang='lat' dir='ltr'><strong>glebam</strong></span> <span class='ocrx_word' id='word_1_138' title='bbox 783 3407 945 3492; x_wconf 84' lang='lat' dir='ltr'><strong>sepelivit.</strong></span> 
     </span>
    </p>

    <p class='ocr_par' dir='ltr' id='par_1_21' title="bbox 274 3505 1445 3695">
     <span class='ocr_line' id='line_1_26' title="bbox 274 3505 1445 3594; baseline 0.005 -25"><span class='ocrx_word' id='word_1_139' title='bbox 274 3505 367 3572; x_wconf 84' lang='lat' dir='ltr'><strong>Tune</strong></span> <span class='ocrx_word' id='word_1_140' title='bbox 388 3507 533 3594; x_wconf 86' lang='lat' dir='ltr'><strong>suscepit</strong></span> <span class='ocrx_word' id='word_1_141' title='bbox 555 3507 745 3576; x_wconf 85' lang='lat' dir='ltr'><strong>cathedram</strong></span> <span class='ocrx_word' id='word_1_142' title='bbox 769 3507 949 3574; x_wconf 86' lang='lat' dir='ltr'><strong>Embaldus</strong></span> <span class='ocrx_word' id='word_1_143' title='bbox 973 3505 1152 3586; x_wconf 81' lang='lat' dir='ltr'><strong>Secundus,</strong></span> <span class='ocrx_word' id='word_1_144' title='bbox 1174 3509 1220 3576; x_wconf 85' lang='lat' dir='ltr'><strong>ix.</strong></span> <span class='ocrx_word' id='word_1_145' title='bbox 1292 3516 1445 3568; x_wconf 62' lang='grc'><strong>111111111-</strong></span> 
     </span>
     <span class='ocr_line' id='line_1_27' title="bbox 274 3607 1280 3695; baseline 0.006 -25"><span class='ocrx_word' id='word_1_146' title='bbox 274 3607 431 3692; x_wconf 86' lang='lat' dir='ltr'><strong>Ejusdem</strong></span> <span class='ocrx_word' id='word_1_147' title='bbox 454 3607 597 3676; x_wconf 86' lang='lat' dir='ltr'><strong>eeclesiae</strong></span> <span class='ocrx_word' id='word_1_148' title='bbox 620 3608 808 3695; x_wconf 86' lang='lat' dir='ltr'><strong>capellanus</strong></span> <span class='ocrx_word' id='word_1_149' title='bbox 831 3609 983 3676; x_wconf 87' lang='lat' dir='ltr'><strong>mundus.</strong></span> <span class='ocrx_word' id='word_1_150' title='bbox 1216 3613 1280 3676; x_wconf 77' lang='lat'><strong>140</strong></span> 
     </span>
    </p>

    <p class='ocr_par' dir='ltr' id='par_1_22' title="bbox 273 3708 1052 3796">
     <span class='ocr_line' id='line_1_28' title="bbox 273 3708 1052 3796; baseline 0.006 -25"><span class='ocrx_word' id='word_1_151' title='bbox 273 3708 352 3774; x_wconf 88' lang='lat' dir='ltr'><strong>Post</strong></span> <span class='ocrx_word' id='word_1_152' title='bbox 373 3715 544 3796; x_wconf 86' lang='lat' dir='ltr'><strong>acceptum</strong></span> <span class='ocrx_word' id='word_1_153' title='bbox 568 3711 706 3796; x_wconf 87' lang='lat' dir='ltr'><strong>pallium</strong></span> <span class='ocrx_word' id='word_1_154' title='bbox 729 3710 770 3778; x_wconf 89' lang='lat' dir='ltr'><strong>de</strong></span> <span class='ocrx_word' id='word_1_155' title='bbox 794 3711 870 3776; x_wconf 89' lang='lat' dir='ltr'><strong>sede</strong></span> <span class='ocrx_word' id='word_1_156' title='bbox 894 3711 1052 3788; x_wconf 78' lang='lat' dir='ltr'><strong>Romana,</strong></span> 
     </span>
    </p>

    <p class='ocr_par' dir='ltr' id='par_1_23' title="bbox 274 3810 966 3896">
     <span class='ocr_line' id='line_1_29' title="bbox 274 3810 966 3896; baseline 0.003 -20"><span class='ocrx_word' id='word_1_157' title='bbox 274 3810 481 3896; x_wconf 83' lang='lat' dir='ltr'><strong>Congregata</strong></span> <span class='ocrx_word' id='word_1_158' title='bbox 503 3812 649 3895; x_wconf 87' lang='lat' dir='ltr'><strong>synodus</strong></span> <span class='ocrx_word' id='word_1_159' title='bbox 673 3810 751 3878; x_wconf 89' lang='lat' dir='ltr'><strong>cleri</strong></span> <span class='ocrx_word' id='word_1_160' title='bbox 774 3810 840 3876; x_wconf 86' lang='lat' dir='ltr'><strong>fuit</strong></span> <span class='ocrx_word' id='word_1_161' title='bbox 862 3831 966 3890; x_wconf 84' lang='lat' dir='ltr'><strong>sana;</strong></span> 
     </span>
    </p>

    <p class='ocr_par' dir='ltr' id='par_1_24' title="bbox 272 3910 974 3997">
     <span class='ocr_line' id='line_1_30' title="bbox 272 3910 974 3997; baseline 0.003 -20"><span class='ocrx_word' id='word_1_162' title='bbox 272 3910 323 3977; x_wconf 88' lang='lat' dir='ltr'><strong>De</strong></span> <span class='ocrx_word' id='word_1_163' title='bbox 346 3911 412 3976; x_wconf 90' lang='lat' dir='ltr'><strong>fide</strong></span> <span class='ocrx_word' id='word_1_164' title='bbox 434 3911 596 3980; x_wconf 82' lang='lat' dir='ltr'><strong>catholiea</strong></span> <span class='ocrx_word' id='word_1_165' title='bbox 618 3933 697 3980; x_wconf 84' lang='lat' dir='ltr'><strong>vera</strong></span> <span class='ocrx_word' id='word_1_166' title='bbox 713 3911 784 3997; x_wconf 86' lang='lat' dir='ltr'><strong>jam</strong></span> <span class='ocrx_word' id='word_1_167' title='bbox 808 3913 974 3990; x_wconf 61' lang='lat' dir='ltr'><strong>mactavit,</strong></span> 
     </span>
    </p>

    <p class='ocr_par' dir='ltr' id='par_1_25' title="bbox 272 4005 925 4098">
     <span class='ocr_line' id='line_1_31' title="bbox 272 4005 925 4098; baseline 0.009 -22"><span class='ocrx_word' id='word_1_168' title='bbox 272 4005 455 4098; x_wconf 84' lang='lat' dir='ltr'><strong>Anglorum</strong></span> <span class='ocrx_word' id='word_1_169' title='bbox 478 4013 628 4081; x_wconf 87' lang='lat' dir='ltr'><strong>Historia</strong></span> <span class='ocrx_word' id='word_1_170' title='bbox 651 4012 742 4082; x_wconf 86' lang='lat' dir='ltr'><strong>Beda</strong></span> <span class='ocrx_word' id='word_1_171' title='bbox 763 4013 925 4082; x_wconf 87' lang='lat' dir='ltr'><strong>recitavit.</strong></span> 
     </span>
    </p>

    <p class='ocr_par' dir='ltr' id='par_1_26' title="bbox 272 4113 1395 4302">
     <span class='ocr_line' id='line_1_32' title="bbox 272 4113 1395 4202; baseline 0.004 -24"><span class='ocrx_word' id='word_1_172' title='bbox 272 4113 351 4178; x_wconf 88' lang='lat' dir='ltr'><strong>Post</strong></span> <span class='ocrx_word' id='word_1_173' title='bbox 374 4113 572 4180; x_wconf 85' lang='lat' dir='ltr'><strong>Embaldum</strong></span> <span class='ocrx_word' id='word_1_174' title='bbox 595 4113 719 4180; x_wconf 87' lang='lat' dir='ltr'><strong>Wlsius</strong></span> <span class='ocrx_word' id='word_1_175' title='bbox 742 4115 778 4182; x_wconf 89' lang='lat' dir='ltr'><strong>in</strong></span> <span class='ocrx_word' id='word_1_176' title='bbox 801 4115 876 4182; x_wconf 88' lang='lat' dir='ltr'><strong>sede</strong></span> <span class='ocrx_word' id='word_1_177' title='bbox 900 4117 1042 4202; x_wconf 86' lang='lat' dir='ltr'><strong>pastoris</strong></span> <span class='ocrx_word' id='word_1_178' title='bbox 1155 4139 1185 4184; x_wconf 85' lang='lat' dir='ltr'><strong>x.</strong></span> <span class='ocrx_word' id='word_1_179' title='bbox 1213 4122 1276 4184; x_wconf 87' lang='lat'><strong>145</strong></span> <span class='ocrx_word' id='word_1_180' title='bbox 1292 4131 1395 4182; x_wconf 69' lang='lat' dir='ltr'><strong>wlsius.</strong></span> 
     </span>
     <span class='ocr_line' id='line_1_33' title="bbox 273 4215 935 4302; baseline 0.003 -22"><span class='ocrx_word' id='word_1_181' title='bbox 273 4215 432 4302; x_wconf 84' lang='lat' dir='ltr'><strong>Implevit</strong></span> <span class='ocrx_word' id='word_1_182' title='bbox 454 4215 595 4284; x_wconf 87' lang='lat' dir='ltr'><strong>officium</strong></span> <span class='ocrx_word' id='word_1_183' title='bbox 617 4217 661 4282; x_wconf 79' lang='lat' dir='ltr'><strong>ad</strong></span> <span class='ocrx_word' id='word_1_184' title='bbox 684 4217 783 4284; x_wconf 83' lang='lat' dir='ltr'><strong>finem</strong></span> <span class='ocrx_word' id='word_1_185' title='bbox 806 4215 935 4285; x_wconf 77' lang='lat' dir='ltr'><strong>laboris.</strong></span> 
     </span>
    </p>

    <p class='ocr_par' dir='ltr' id='par_1_27' title="bbox 271 4317 1427 4486">
     <span class='ocr_line' id='line_1_34' title="bbox 272 4317 1427 4404; baseline 0.005 -22"><span class='ocrx_word' id='word_1_186' title='bbox 272 4317 484 4402; x_wconf 87' lang='lat' dir='ltr'><strong>Wymundus</strong></span> <span class='ocrx_word' id='word_1_187' title='bbox 507 4317 660 4403; x_wconf 87' lang='lat' dir='ltr'><strong>regimini</strong></span> <span class='ocrx_word' id='word_1_188' title='bbox 683 4319 769 4382; x_wconf 89' lang='lat' dir='ltr'><strong>sedis</strong></span> <span class='ocrx_word' id='word_1_189' title='bbox 787 4319 859 4404; x_wconf 87' lang='lat' dir='ltr'><strong>jam</strong></span> <span class='ocrx_word' id='word_1_190' title='bbox 883 4319 1047 4398; x_wconf 82' lang='lat' dir='ltr'><strong>successit,</strong></span> <span class='ocrx_word' id='word_1_191' title='bbox 1120 4322 1164 4385; x_wconf 82' lang='lat' dir='ltr'><strong>xi.</strong></span> <span class='ocrx_word' id='word_1_192' title='bbox 1291 4333 1427 4399; x_wconf 75' lang='lat' dir='ltr'><strong>wymund.</strong></span> 
     </span>
     <span class='ocr_line' id='line_1_35' title="bbox 271 4419 918 4486; baseline 0.006 -4"><span class='ocrx_word' id='word_1_193' title='bbox 271 4421 369 4484; x_wconf 85' lang='lat' dir='ltr'><strong>Anno</strong></span> <span class='ocrx_word' id='word_1_194' title='bbox 393 4419 613 4486; x_wconf 84' lang='lat' dir='ltr'><strong>sextodecimo</strong></span> <span class='ocrx_word' id='word_1_195' title='bbox 628 4419 748 4486; x_wconf 87' lang='lat' dir='ltr'><strong>laboris</strong></span> <span class='ocrx_word' id='word_1_196' title='bbox 772 4420 918 4486; x_wconf 90' lang='lat' dir='ltr'><strong>decessit.</strong></span> 
     </span>
    </p>

    <p class='ocr_par' dir='ltr' id='par_1_28' title="bbox 269 4520 1394 4709">
     <span class='ocr_line' id='line_1_36' title="bbox 271 4520 1394 4608; baseline 0.004 -24"><span class='ocrx_word' id='word_1_197' title='bbox 271 4520 333 4585; x_wconf 81' lang='lat' dir='ltr'><strong>Fst</strong></span> <span class='ocrx_word' id='word_1_198' title='bbox 355 4521 494 4606; x_wconf 83' lang='lat' dir='ltr'><strong>adeptus</strong></span> <span class='ocrx_word' id='word_1_199' title='bbox 517 4521 707 4588; x_wconf 80' lang='lat' dir='ltr'><strong>cathedram</strong></span> <span class='ocrx_word' id='word_1_200' title='bbox 730 4527 844 4608; x_wconf 90' lang='lat' dir='ltr'><strong>postea</strong></span> <span class='ocrx_word' id='word_1_201' title='bbox 867 4521 1018 4598; x_wconf 87' lang='lat' dir='ltr'><strong>Wlferus,</strong></span> <span class='ocrx_word' id='word_1_202' title='bbox 1110 4524 1167 4590; x_wconf 86' lang='lat' dir='ltr'><strong>xii.</strong></span> <span class='ocrx_word' id='word_1_203' title='bbox 1294 4537 1394 4589; x_wconf 77' lang='lat' dir='ltr'><strong>wlfere.</strong></span> 
     </span>
     <span class='ocr_line' id='line_1_37' title="bbox 269 4621 1277 4709; baseline 0.006 -23"><span class='ocrx_word' id='word_1_204' title='bbox 269 4621 387 4688; x_wconf 84' lang='lat' dir='ltr'><strong>Multis</strong></span> <span class='ocrx_word' id='word_1_205' title='bbox 409 4624 506 4688; x_wconf 82' lang='lat' dir='ltr'><strong>annis</strong></span> <span class='ocrx_word' id='word_1_206' title='bbox 529 4625 676 4709; x_wconf 78' lang='lat' dir='ltr'><strong>regimen</strong></span> <span class='ocrx_word' id='word_1_207' title='bbox 699 4625 787 4689; x_wconf 85' lang='lat' dir='ltr'><strong>rexit</strong></span> <span class='ocrx_word' id='word_1_208' title='bbox 802 4623 858 4688; x_wconf 90' lang='lat' dir='ltr'><strong>ille</strong></span> <span class='ocrx_word' id='word_1_209' title='bbox 881 4645 985 4688; x_wconf 84' lang='lat' dir='ltr'><strong>verus</strong></span> <span class='ocrx_word' id='word_1_210' title='bbox 1213 4629 1277 4694; x_wconf 88' lang='lat'><strong>150</strong></span> 
     </span>
    </p>
   </div>
   <div class='ocr_carea' id='block_1_3' title="bbox 0 0 1732 5816">
    <p class='ocr_par' dir='ltr' id='par_1_29' title="bbox 0 0 1732 5816">
     <span class='ocr_line' id='line_1_38' title="bbox 0 0 1732 5816; baseline 0 3"><span class='ocrx_word' id='word_1_211' title='bbox 0 0 1732 5816; x_wconf 95' lang='lat' dir='ltr'><strong> </strong></span> 
     </span>
    </p>
   </div>
  </div>
 </body>
</html>
