3582 5798
597 930 642 978 nr
665 929 766 980 nuos
789 929 858 978 run
881 925 1052 978 cnanron.
1290 915 1355 979 ,131

304 1119 406 1192 metu,
421 1135 482 1181 nec
497 1114 627 1192 damno,
642 1135 749 1200 neque
764 1135 829 1200 quo
851 1115 957 1192 modo,
972 1113 1038 1178 nisi
1057 1115 1222 1200 praeoepto
1237 1111 1358 1178 summi
1371 1116 1425 1168 him
1435 1117 1499 1170 irus

304 1217 480 1304 pontificis,
510 1218 663 1305 recipere.
725 1217 823 1298 Quod
863 1217 1012 1295 audiens,
1049 1215 1223 1282 camsilium
1260 1185 1507 1316 suumssssfoffito

303 1321 445 1408 apendt,
483 1321 572 1387 nolle
609 1321 766 1408 profiteri,
797 1319 856 1386 sed
892 1320 979 1386 velle
1013 1319 1154 1385 Romam
1187 1319 1358 1405 proficisci,

305 1427 342 1488 et
372 1424 498 1490 domini
531 1445 628 1511 papae
661 1423 834 1490 eonsilium
862 1429 897 1490 et
929 1428 1132 1510 praeceptum
1166 1423 1267 1508 sequi.
1313 1423 1359 1487 Et
1370 1431 1475 1482 nmen

305 1547 366 1592 nos
389 1525 502 1613 igitur,
524 1533 565 1591 nt
594 1527 635 1592 de
658 1532 772 1593 nostra
793 1525 1033 1612 pollicitatione
1065 1526 1185 1592 certior
1207 1529 1302 1603 esset,
1324 1498 1511 1616 et{1⁰,¹,¹{{‚¹‡²l¹;¹

305 1629 350 1694 ad
371 1629 456 1695 hene
477 1630 643 1716 egendum
664 1629 770 1717 magis
793 1629 1006 1708 animaretur,
1027 1629 1086 1707 iili,
1110 1628 1188 1695 licet
1209 1629 1357 1694 nondum
1371 1631 1488 1697 s⁰i¹¹8t⁰

306 1731 467 1818 episcope,
498 1732 647 1798 nondum
679 1733 850 1810 sacerdoti,
873 1732 1110 1819 subjectionem
1137 1737 1172 1797 et
1203 1731 1357 1797 obedien·
1370 1699 1459 1750 ΗΘΜ·

305 1833 389 1900 tiam
418 1835 609 1902 canonicam
643 1834 732 1901 ultro
766 1835 984 1922 promisimus.
1031 1834 1104 1900 Nec
1136 1833 1243 1900 multo
1274 1839 1358 1920 post,

307 1935 418 2003 electis
450 1959 533 2024 quos
570 1939 612 2004 de
643 1939 766 2004 nostris
798 1959 909 2004 secum
941 1938 1060 2004 ducere
1091 1937 1226 2022 placuit,
1257 1941 1292 2002 et
1318 1938 1359 2002 de

306 2038 465 2107 electione
487 2061 548 2115 sua
578 2041 685 2108 literis
707 2041 751 2107 ad
781 2041 954 2108 dominum
987 2061 1108 2127 papam
1142 2039 1292 2126 acceptis,
1316 2037 1360 2104 ad

308 2163 397 2208 mare
419 2143 537 2209 tendit.

352 2244 549 2330 Radulphus
571 2245 742 2332 episcopus
770 2245 842 2332 jem
873 2249 974 2311 antea
995 2244 1046 2308 illi
1077 2244 1302 2321 mandaverat,
1325 2250 1359 2310 et
1372 2245 1513 2326 meamh-

307 2345 344 2411 in
377 2346 579 2432 profectione
610 2347 673 2413 hac
703 2347 788 2413 citra
819 2368 910 2414 mare
943 2345 975 2412 ei
1008 2345 1196 2430 colloquens
1228 2312 1504 2431 dxeracgffif'f

308 2453 472 2534 quatenus
495 2449 709 2516 Cantuariam
739 2449 870 2515 veniret
896 2453 930 2514 et
965 2448 1115 2514 sacerdos
1146 2448 1302 2526 ordinari,
1325 2447 1491 2524 etburyde

307 2549 570 2638 archiepiscopus
592 2552 780 2618 consecrari.
827 2550 900 2628 Oui,
924 2549 1013 2636 quod
1030 2550 1162 2636 justum
1185 2555 1219 2615 et
1242 2551 1358 2617 decens
1371 2513 1497 2632 iffi?

308 2651 495 2732 videbatur,
524 2653 733 2740 respondens,
755 2657 913 2718 neutrum
940 2651 1056 2716 voluit.
1102 2650 1213 2718 Primo
1244 2652 1360 2720 Natali
1373 2647 1473 2724 ‘⁰¹¹³ss-

309 2752 455 2832 Domini,
487 2756 576 2842 quod
608 2777 709 2843 prope
741 2761 821 2834 erat,
852 2755 890 2819 in
921 2753 1163 2819 Normanniam
1194 2757 1361 2836 transivit,
1374 2714 1530 2845 {mehe

310 2856 445 2924 licentia
473 2858 560 2944 regis
582 2859 661 2924 inde
684 2859 824 2923 Romam
854 2857 1081 2944 profecturus3
1113 2857 1170 2922 sed
1201 2845 1505 2963 archiepi-pirssifld

310 2979 427 3044 scopus
450 2959 544 3025 misit
565 2965 642 3046 post
663 2982 740 3025 eum
762 2960 806 3024 ad
827 2981 938 3046 regem
968 2959 1053 3025 retia
1074 2979 1175 3025 aurea
1197 2964 1232 3024 et
1254 2959 1363 3026 obices
1376 2927 1531 3031 ffliirh

310 3065 491 3147 argenteus,
514 3061 635 3148 quibus
668 3067 797 3128 retento
827 3062 967 3127 Romam
977 3063 982 3107 ἶ
997 3061 1189 3148 properanti
1227 3063 1284 3128 via
1306 3063 1362 3129 oh-

309 3168 501 3230 strueretnr.
546 3164 737 3230 Prohibitus
760 3169 811 3230 est
833 3165 937 3253 igitur
958 3163 1098 3230 Romam
1120 3163 1175 3230 ire.

355 3267 403 3332 Eo
436 3273 583 3353 tempore
611 3267 703 3333 Oono
726 3267 949 3333 Praenestinus
982 3267 1162 3353 episcopus,
1184 3265 1238 3331 vir
1264 3289 1363 3334 vene·

310 3368 434 3447 rabilis,
466 3391 578 3448 verax,
610 3375 645 3435 et
673 3369 794 3456 justus,
827 3374 862 3434 et
895 3373 1056 3446 constans,
1088 3369 1125 3433 in
1157 3368 1297 3458 Francia
1331 3375 1365 3436 et

312 3469 519 3536 Normannia
559 3471 646 3536 sedis
691 3471 892 3558 Apostolicae
939 3469 1104 3557 legatione
1153 3471 1364 3558 fungebatur.
1465 3541 1472 3554 ‚

311 3572 402 3640 Huic
424 3595 503 3640 vero
526 3595 586 3638 rex
615 3573 791 3639 mandavit
812 3573 985 3640 consilium
1019 3573 1091 3638 dari
1124 3573 1188 3637 sibi
1219 3573 1301 3659 quid
1324 3575 1364 3641 de
1377 3542 1510 3661 ἓξὲξ

312 3675 509 3744 Eboracensi
533 3677 636 3743 electo
659 3699 735 3742 eum
765 3699 861 3764 agere
884 3681 1044 3763 oporteat,
1067 3699 1165 3761 quem
1188 3675 1363 3743 Cantuari·
1377 3676 1507 3726 annosos

312 3779 399 3845 ensis
442 3778 705 3866 archiepiscopus
747 3779 870 3865 absque
913 3778 1127 3865 subjectionis
1164 3777 1363 3863 professione
1376 3743 1504 3873 Εὲἓΐέὴθ

312 3902 499 3948 consecrare
519 3880 664 3960 nolebat,
687 3886 724 3950 et,
748 3881 819 3967 ipse
841 3880 939 3945 modo
970 3901 1046 3946 cum
1068 3901 1107 3944 eo
1129 3885 1201 3944 erat
1222 3880 1364 3946 necdum

314 3983 448 4069 quidem
474 3983 623 4049 sacerdos
651 3983 831 4048 ordinatus.
877 3982 961 4069 Regi
993 3982 1122 4067 legatus
1155 3983 1365 4048 remandavit
1378 3982 1506 4060 09110θᾶ-

313 4091 354 4150 ut
375 4085 418 4151 ab
439 4085 552 4170 aliquo
575 4085 783 4172 suffraganeo
806 4107 874 4163 suo,
897 4085 1018 4170 siquis
1041 4083 1111 4150 illic
1135 4083 1271 4164 adesset,
1289 4109 1364 4152 eum
1377 4049 1525 4167 ffitffi

312 4189 541 4275 presbytenrm
564 4189 710 4255 ordinari
731 4189 861 4267 faceret,
878 4188 1066 4253 ordinatum
1089 4187 1133 4254 ad
1154 4190 1264 4276 ipsum
1286 4192 1363 4257 mit-
1376 4182 1500 4300 ffl'ff

313 4296 407 4368 teret,
429 4295 465 4356 et
485 4291 557 4378 ipse
572 4314 648 4357 eum
671 4292 714 4357 ed
729 4291 900 4358 dominum
922 4312 1042 4378 papam
1065 4313 1140 4357 cum
1162 4293 1268 4359 literis
1288 4264 1513 4378 suiadncsanc

314 4397 354 4457 ut
377 4415 452 4458 eum
475 4399 686 4473 consecraret,
710 4399 745 4460 et
775 4397 982 4461 consecratus
1017 4393 1161 4480 palleum
1193 4403 1365 4484 acceptum
1377 4384 1507 4434 mensem

315 4493 489 4562 deferret?
529 4497 677 4578 Quorum
719 4497 861 4563 alterum
897 4495 987 4574 fecit,
1023 4496 1144 4562 alteri1
1182 4521 1260 4565 vero
1298 4451 1542 4568 nonddtddffl

314 4599 487 4664 consensit.
550 4599 633 4666 Erat
669 4621 744 4666 cum
783 4621 860 4686 rege
896 4597 1095 4685 Ranulphus
1133 4599 1366 4667 Dunelmensis
1380 4582 1485 4635 mm·

680 4858 689 4892 ¹
707 4857 797 4924 alteri]
818 4858 933 4922 alterum,
944 4857 1001 4909 MS.

1177 4959 1233 5021 12
