3530 5790
607 893 846 944 sacusrsuors
868 892 912 942 or
934 891 1040 943 ross.
1282 877 1349 944 ³57

293 1081 501 1147 bendunam¹
528 1083 686 1154 custodire
709 1083 925 1168 mancipatus,
942 1082 1065 1146 ibidem
1089 1087 1140 1145 est
1164 1081 1348 1147 defunctus.

294 1183 414 1271 Sieque
444 1184 569 1250 factum
601 1189 651 1251 est
682 1189 723 1250 ut
754 1183 920 1250 ordinatio
952 1184 1057 1270 ipsius
1089 1205 1148 1270 per
1181 1189 1249 1248 tres
1280 1182 1348 1250 fere

293 1307 420 1352 menses
458 1287 563 1352 dilata
597 1293 655 1364 est,
686 1307 724 1352 eo
758 1288 845 1372 quod
880 1285 1094 1353 Eboraoeusis
1125 1285 1260 1352 ecclesia
1292 1285 1348 1350 illo

293 1395 440 1474 tempore
473 1389 697 1475 suffraganeos
734 1410 755 1454 a
794 1389 914 1474 quibus
952 1387 1099 1454 ordinari
1137 1391 1248 1474 posset
1279 1409 1346 1452 non

293 1489 445 1568 habebat,
468 1496 503 1556 et
525 1490 618 1556 sedes
641 1491 890 1556 Oantuariensis
922 1489 1071 1576 deposito
1106 1488 1268 1575 Stigando
1290 1489 1348 1554 ad-

294 1593 358 1659 hue
392 1594 540 1670 vacabat,
563 1595 666 1660 donec
690 1593 902 1671 Lanfrancus,
928 1615 987 1679 pro
1021 1592 1183 1678 Stigando
1214 1613 1235 1657 a
1265 1613 1348 1678 pree·

295 1695 383 1761 dicto
406 1717 480 1782 rege
504 1695 714 1775 substitutus,
730 1697 834 1761 esuis
857 1695 1071 1782 suffraganeis
1094 1693 1266 1759 ordinatus
1288 1700 1347 1759 est.
1394 1691 1398 1696 ’

297 1799 366 1864 Iste
389 1803 439 1862 est
462 1797 665 1866 Laufrancus
689 1799 747 1883 qui
770 1799 897 1883 primus
919 1797 1068 1862 omnium
1084 1794 1126 1860 ab
1150 1795 1347 1861 Eboracensi
1361 1795 1489 1876 Laurens

296 1900 538 1988 archiepiscopo
558 1900 792 1986 professionem
817 1899 937 1985 exegit,
953 1899 1086 1984 suisque
1109 1898 1348 1963 successoribus
1361 1864 1491 1981 ἓζξῐξζῗθ,

296 2003 358 2068 hoc
380 2003 468 2070 idem
490 2003 646 2088 exigendi
678 2001 867 2087 exemplum
890 2001 990 2066 dedit
1038 2000 1123 2066 Cum
1147 2000 1235 2064 enim
1258 2001 1347 2086 apud
1361 2007 1499 2058 Persuade

297 2127 407 2191 regem
429 2111 464 2171 et
487 2104 698 2170 Normaunos
720 2125 850 2190 magnae
875 2103 1041 2189 opinionis
1064 2101 1250 2182 haberetur,
1274 2074 1499 2190 per-{¹1},²„¹‘{(¹{‚⁸{1K

297 2209 403 2273 suasit
424 2229 510 2273 novo
533 2213 568 2272 et
598 2205 755 2273 eredul02
777 2207 846 2292 regi
870 2216 1079 2270 Eboraceneem
1102 2213 1251 2270 eccledam
1275 2213 1349 2269 Oan-
1362 2207 1496 2285 shouldbe

282 2307 438 2363 'tuariensi
461 2307 564 2362 debere
586 2305 701 2377 subjici,
725 2311 756 2362 et
786 2306 911 2360 electum
944 2305 1025 2359 illius
1057 2304 1251 2358 ordinandum
1275 2303 1350 2358 ordi·
1363 2274 1507 2391 ξέᾏῗῃῖῗ

296 2397 392 2452 natori
414 2415 466 2452 suo
489 2395 641 2468 profiteri:
675 2413 760 2468 porro
791 2395 864 2449 utile
886 2387 971 2451 esso³
992 2395 1030 2449 ad
1044 2394 1129 2464 regni
1152 2393 1351 2462 integritatem
1364 2408 1438 2471 bury.

295 2491 326 2542 et
355 2487 534 2551 firmitatem,
565 2491 599 2540 ut
630 2485 784 2541 Britannia
817 2485 871 2540 uni
902 2483 985 2556 quasi
1017 2482 1137 2556 primati
1170 2482 1350 2550 subderetur,

295 2575 425 2647 alioquin
455 2575 625 2646 contingere
660 2564 768 2647 possa*
790 2579 824 2628 ut
855 2573 892 2629 de
929 2565 1051 2629 exteris
1085 2562 1240 2649 gentibus
1274 2585 1349 2648 quae

296 2666 457 2721 Eboracum
480 2665 600 2736 navigio
622 2666 773 2720 venientes
794 2681 919 2735 regnum
934 2663 1072 2718 infestare
1087 2663 1228 2728 solebant,
1252 2655 1352 2717 unus⁵

294 2755 331 2810 ab
354 2755 528 2812 Eboracerrsi
551 2755 768 2826 archiepiscopo
790 2758 820 2808 et
835 2746 893 2808 ab⁰
915 2753 995 2808 illius
1018 2752 1177 2826 provincis
1201 2749 1350 2822 indigenis

294 2861 345 2900 rex
368 2849 523 2912 crearetur,
547 2849 578 2900 et
600 2843 642 2902 aio
663 2861 789 2916 regnum
811 2843 961 2900 turbatum
984 2842 1172 2899 scinderetur.

296 3126 474 3208 Quouono
495 3125 643 3192 raonis
674 3141 933 3193 rnornssrounu
956 3125 1170 3192 Laureaueo
1193 3141 1346 3194 uuonan.

341 3331 451 3418 Igitur
481 3351 556 3396 oum
588 3329 732 3394 Thomas
766 3351 786 3394 a
820 3328 1004 3394 Lanfranco
1037 3328 1217 3395 secundum
1251 3329 1349 3393 insti·
1363 3327 1489 3404 hepene

296 3433 460 3498 tutionem
483 3429 624 3498 Honorii
650 3453 746 3520 papae
780 3433 960 3498 consecrari
992 3433 1182 3518 requireret,
1205 3438 1239 3497 et
1262 3433 1348 3498 Lan-
1363 3409 1511 3523 diffiss-

296 3534 429 3599 francus
475 3535 518 3599 ab
562 3555 600 3600 eo
645 3534 880 3620 professionem
933 3534 1147 3620 subjectionis
1192 3534 1347 3620 exigeret,
1362 3526 1493 3641 apportem

296 3635 438 3701 rhomae
462 3657 503 3700 ex
537 3637 736 3702 auctoriate
770 3635 936 3722 privilegii
970 3636 1066 3700 sesa
1100 3636 1249 3722 Gregorii
1272 3633 1371 3702 0011:
1405 3609 1477 3644 ΟΜ

296 3743 423 3802 stanter
445 3738 564 3814 renuit,
587 3737 759 3824 ipsamque
781 3738 987 3803 exactionem
1018 3737 1087 3824 regi
1110 3737 1233 3804 retulit.
1280 3737 1346 3818 Qui

297 3848 391 3920 primo
407 3848 527 3904 moleste
542 3847 694 3919 accipiens,
710 3839 885 3904 mandavit
907 3837 1149 3925 archiepiscopo
1171 3845 1210 3903 ut
1224 3837 1348 3924 absque

297 3939 496 4024 professione
518 3961 595 4004 eum
617 3944 823 4005 consecraret
835 3929 864 4018 ;7
887 3939 944 4004 sed
966 3946 1090 4026 postea,
1104 3929 1346 4021 persuasionibus

297 4041 472 4107 Lanfranci
510 4041 715 4108 multimodis
747 4051 912 4118 distractus,
941 4041 1104 4127 persuasit
1136 4039 1278 4120 Thomae,
1316 4055 1350 4105 ut

294 4159 412 4228 propter
433 4155 576 4210 unitatem
599 4161 629 4210 et
651 4173 752 4228 pacem
774 4146 867 4232 regni
897 4154 1104 4226 professionem
1127 4143 1257 4223 facisne,
1280 4128 1359 4210 oon·v

295 4257 486 4313 uenationem
508 4248 679 4334 acciperet.
726 4247 792 4313 Sed
815 4269 891 4313 cum
921 4247 983 4313 hoe
1005 4245 1087 4314 nec⁸
1109 4256 1243 4329 precibus
1264 4245 1350 4313 necs

579 4415 593 4420 -
618 4415 693 4422 ..-.
705 4415 814 4421 .-...--
862 4413 1077 4420 ..--.—--——--—

329 4504 336 4536 ¹
353 4501 545 4569 aemesam]
561 4501 765 4565 Abbendouiam,
772 4503 801 4553 F.
847 4568 851 4577 Ι
873 4499 946 4566 ⁵ut]
968 4515 1018 4550 om.
1031 4503 1064 4552 G.

327 4581 467 4649 ²credulo]
488 4583 629 4644 incredulo,
642 4583 674 4634 G.
784 4587 786 4590 '
873 4581 1067 4647 Numerone]
1097 4582 1247 4644 consecrari,
1293 4589 1348 4632 text

327 4664 338 4696 ³
355 4661 420 4727 csse]
440 4673 515 4723 esset,
529 4663 561 4713 G.
839 4663 891 4711 and
903 4663 936 4711 A.

328 4741 597 4806 ⁴pom]poeeet,c.
874 4739 1122 4806 ³aec....nec]
1165 4756 1347 4806 neque....

329 4823 339 4852 ⁸
355 4821 431 4888 uua]
451 4823 527 4884 uude,
536 4822 567 4872 Β.
841 4835 932 4886 neque,
943 4819 978 4872 A,
990 4821 1023 4872 B.
1035 4821 1065 4874 C.
1076 4821 1110 4872 D.
1122 4821 1154 4872 Ε.
1166 4821 1196 4872 F.
1210 4821 1241 4874 G.
