3454 5816
339 964 341 972 J
433 885 636 936 courrucan
659 885 704 936 ar
728 887 776 936 ar
800 887 981 937 uunnowu
1004 887 1156 937 lusson.
1262 875 1326 940 423

270 1067 475 1138 Natiuitatis
525 1071 640 1138 Sancti
678 1071 842 1138 Johannis
881 1074 1052 1160 Baptistae,
1092 1075 1325 1160 Apostolorum

271 1172 361 1239 Petri
395 1181 429 1241 et
452 1175 555 1253 Pauli,
580 1175 696 1242 Sancti
719 1175 808 1242 Petri
840 1177 883 1243 ad
906 1177 1055 1254 Vincula,
1080 1178 1325 1263 Assumptionis

270 1281 305 1340 et
328 1275 528 1344 Natiuitatis
551 1276 664 1343 Beatae
687 1277 810 1344 Mariae.

315 1377 417 1444 Istius
440 1377 621 1444 Alexandri
653 1384 809 1465 tempore,
832 1385 915 1465 puta
948 1401 1035 1446 anno
1059 1381 1195 1446 Domini
1234 1397 1323 1446 mccc
1336 1390 1479 1441 uuefeasr·

271 1495 400 1558 cxxxi,
424 1481 614 1547 ordinatum
636 1481 703 1546 fuit
725 1482 766 1547 de
789 1503 948 1548 consensu
965 1482 1035 1567 ejus
1059 1505 1118 1570 per
1140 1483 1322 1569 capitulum
1337 1457 1488 1588 ffig‘ffm

271 1582 473 1649 Eboraoense
511 1585 597 1670 quod
646 1585 731 1650 festa
779 1591 923 1670 quatuor
961 1586 1248 1673 Evangelistarum
1288 1593 1322 1652 et
1336 1590 1391 1639 lists
1404 1593 1452 1639 ano

179 1750 181 1756 ,
270 1689 411 1769 quatuor
442 1684 631 1764 Doctorum,
655 1686 831 1764 Ambrosii,
869 1687 1028 1774 Gregorii,
1064 1688 1255 1774 Augustini,
1288 1695 1322 1752 et
1335 1657 1443 1772 ssffilffl

269 1785 443 1864 Jeronimi,
469 1787 624 1874 deinceps
647 1787 684 1851 in
699 1787 835 1854 eeclesia
858 1787 1041 1854 cathedrali
1058 1789 1262 1866 Eboraconsi,
1287 1789 1427 1854 et‘1011ble

271 1909 329 1974 per
358 1895 463 1954 totam
487 1891 700 1976 provinciam,
724 1895 764 1954 ut
786 1890 873 1956 festa
907 1891 1053 1977 duplicia
1076 1893 1116 1956 de
1139 1892 1321 1956 minoribus
1334 1857 1419 1906 feast*

270 1988 519 2069 celebrarentur,
543 1991 632 2077 quod
654 1991 867 2058 observatum
891 1997 948 2058 est.

315 2091 588 2178 Archiepiscopus
611 2093 684 2170 iste,
707 2093 880 2158 immemor
897 2093 1082 2178 juramenti
1118 2095 1170 2158 sui
1193 2094 1264 2158 Deo
1287 2099 1322 2158 et
1335 2104 1436 2155 Haisa

272 2191 393 2259 Sancto
417 2194 513 2259 Petro
548 2193 601 2258 die
633 2215 700 2260 suae
732 2194 999 2259 intronizationis
1031 2195 1205 2260 actualiter
1238 2216 1321 2280 prae-
1334 2181 1492 2288 {J‘ffigffifn

270 2296 352 2372 stiti,
375 2296 480 2381 primo
502 2297 771 2362 intronizationis
794 2319 862 2362 suaa
886 2319 973 2362 anno
997 2305 1032 2362 et
1063 2298 1201 2384 singulis
1225 2299 1322 2362 annis
1336 2305 1474 2384 ansculp-

270 2397 413 2476 inantea,
452 2398 613 2464 decanum
653 2404 688 2463 et
721 2398 904 2484 capitulum
939 2399 1030 2464 beati
1053 2400 1151 2476 Petri,
1176 2404 1210 2463 et
1240 2421 1323 2484 prce-
1336 2371 1492 2486 {effiffk’

270 2500 384 2564 sertim
422 2501 618 2588 magistrum
656 2501 843 2567 Johannem
884 2501 1029 2576 Clifford,
1068 2507 1148 2566 tunc
1190 2499 1322 2565 thesau-
1336 2501 1380 2566 ing
1391 2513 1418 2551 1⁰

270 2601 402 2678 narium,
426 2624 464 2668 ac
498 2603 598 2668 etiam
631 2604 803 2669 canonicos
835 2603 1043 2668 aeclesiarum
1075 2602 1322 2688 collegiatarum
1335 2569 1476 2684 ffliissw

269 2703 309 2768 de
332 2703 509 2771 Beverlaco
532 2709 567 2771 et
601 2705 711 2792 Ripon
742 2705 922 2791 plurimum
945 2705 1127 2782 infestavit,
1162 2711 1325 2792 satagens,
1335 2709 1408 2762 tuter,
1422 2703 1469 2751 &⁰-

271 2805 391 2891 quibus
414 2807 520 2872 modis
552 2808 673 2893 potuit,
696 2807 866 2871 libertates
890 2813 924 2871 et
958 2807 1114 2892 antiquas
1149 2825 1323 2873 consuetu·

272 2908 374 2986 dines,
412 2910 564 2994 quamvis
602 2909 794 2985 laudabiles,
833 2909 1032 2994 infringere3
1080 2909 1169 2974 inter
1206 2893 1324 2974 caetera

271 3010 434 3076 ministris
457 3010 600 3076 ecclesiae
623 3009 823 3075 cathedralis
846 3015 962 3075 contra
984 3015 1113 3076 statuta
1136 3017 1170 3075 et
1193 3011 1324 3074 ordina-

271 3114 377 3178 tiones
415 3112 562 3197 ejusdem
602 3113 771 3198 imperare,
804 3117 838 3176 et
870 3113 911 3176 de
950 3113 997 3177 eis
1035 3135 1093 3198 pro
1129 3112 1224 3176 libito
1255 3132 1323 3176 suae

271 3213 455 3278 voluntatis
505 3215 684 3300 disponere,
724 3215 760 3278 in
798 3219 893 3279 tanto
931 3215 1019 3299 quod
1064 3235 1151 3278 anno
1189 3213 1324 3278 Domini

273 3315 448 3381 millesimo
471 3327 545 3382 coc⁰.
570 3317 697 3393 lunxit,
721 3317 757 3380 in
781 3316 897 3402 vigilia
920 3316 1103 3381 Dominicae
1127 3315 1323 3394 Palmarum,

271 3418 432 3504 compulit
481 3439 539 3482 sex
579 3418 720 3482 vicarios
759 3417 906 3482 chorales
945 3416 1089 3482 ecclcsiae
1128 3417 1325 3481 cathedralis

272 3519 488 3585 Eboracansis
510 3519 603 3584 adire
642 3518 869 3596 Beverlaoum,
901 3517 1024 3582 ibidem
1059 3517 1201 3582 officium
1234 3518 1324 3583 chori
1339 3525 1489 3576 Vicarsex-

271 3621 448 3700 subituros,
471 3621 542 3688 loco
565 3626 617 3686 tot
640 3620 840 3686 vicariorum
873 3619 995 3684 abinde
1029 3641 1088 3704 per
1110 3639 1185 3683 eum
1208 3619 1323 3705 expul-
1337 3592 1495 3725 fflssffm

271 3745 389 3789 sorum.
437 3723 503 3812 Qui
534 3744 652 3808 nempe
687 3744 745 3788 sex
769 3721 884 3787 vicarii
920 3721 1139 3786 Eboracenses
1162 3743 1219 3806 por
1242 3721 1324 3786 duos

272 3845 376 3890 annos
414 3829 448 3889 et
479 3823 569 3888 ultra
600 3823 691 3908 apud
728 3822 945 3887 Beverlaoum
984 3827 1246 3906 permanserunt,
1291 3827 1324 3887 et

272 3926 358 3992 circa
379 3925 502 3990 festum
525 3923 641 3990 Sancti
663 3923 823 3988 Willalmi
858 3924 894 3986 in
928 3929 1045 3988 aestate
1075 3923 1118 3986 ad
1142 3923 1325 3990 Eboracum

271 4027 394 4090 reversi
444 4031 532 4101 sunt,
572 4024 815 4110 antedictisque
854 4024 987 4090 vicariis
1027 4023 1326 4090 Beverlacensibus

271 4127 469 4194 auctoritato
492 4127 619 4192 domini
652 4127 739 4213 regis
771 4125 929 4190 Richardi
964 4124 1108 4189 Secundi
1142 4132 1177 4190 et
1199 4124 1325 4192 Parlia·

271 4231 375 4296 menti
409 4229 453 4294 ad
485 4229 556 4296 loca
588 4251 650 4295 sua
683 4227 848 4296 restitutis
881 4229 917 4291 in
942 4226 1046 4294 Coena
1069 4228 1204 4292 Domini
1237 4249 1327 4293 anno

270 4332 405 4398 Domini
428 4347 696 4398 ucocaxxxvnr.

315 4433 409 4500 Idem
447 4432 599 4519 quoque1
629 4431 891 4518 archiepiscopus
929 4432 964 4494 in
1001 4431 1109 4516 prima
1146 4431 1467 4496 ebdomadanemoves

275 4535 552 4623 Quadregesimae,
576 4555 665 4600 anno
696 4532 832 4600 Domini
867 4548 1134 4612 uoccnxxxuu,
1169 4507 1489 4640 consisto-{flgffi'

662 4805 669 4836 ¹
688 4803 797 4879 quoque]
818 4819 869 4855 om.
881 4804 915 4858 Η.
