3606 5798
293 884 297 889 .
376 865 458 956 254*
621 905 764 955 Norlcns
787 905 832 954 ΟΡ
853 905 923 954 THE
946 905 1184 958 aacflnrsnors

376 1115 489 1173 xxxv„
523 1113 588 1180 quo
626 1113 715 1161 anno
751 1093 951 1161 venerabilis
990 1096 1105 1164 doctor
1141 1097 1232 1164 Beda
1269 1096 1355 1164 obiit
1391 1098 1428 1162 in

376 1193 537 1280 Gyrvum.

210 1314 302 1367 arhart
313 1316 366 1366 anu
420 1295 520 1363 Porro
553 1295 814 1384 archiepiscopus
847 1297 1021 1400 Egbertus,
1044 1299 1151 1366 xxxii.
1181 1307 1270 1366 ωηο
1300 1301 1427 1387 accepti

207 1381 356 1502 ξηέῗῗϋ·
376 1400 583 1487 episcopatus
620 1400 804 1482 defunctus,
756 1422 1054 1470 ussuccessorem
1090 1402 1211 1470 habuit
1242 1403 1426 1482 Albertum,

377 1503 434 1590 qui
457 1502 597 1589 septimo
619 1504 746 1590 accepti
767 1504 975 1620 episcopatus
997 1525 1086 1571 ωηο
1107 1506 1151 1572 ab
1169 1506 1319 1574 Adriano
1341 1529 1429 1594 papo

375 1607 545 1692 acceperat
575 1604 722 1692 pallium,
755 1607 895 1693 septimo
928 1627 1017 1674 ωηο
1049 1607 1184 1675 Alredi¹
1212 1609 1306 1698 regis.
1354 1610 1429 1692 Quo

301 1743 305 1747 -
374 1707 531 1774 videlicet
554 1707 692 1774 Aiberto
718 1708 800 1778 xiiii.
835 1731 923 1776 anno
955 1711 1007 1776 sui
1041 1711 1238 1797 presulatus
1276 1713 1428 1792 obeunte,

377 1809 567 1876 Eanbaldus
601 1809 773 1876 ordinatur
806 1831 867 1898 pro
900 1811 967 1890 illo,
990 1833 1078 1880 anno
1108 1813 1291 1884 Dominieae
1321 1813 1428 1882 incar-

360 1903 522 1979 nationis
544 1926 726 1990 noonxxn,
750 1917 909 2000 regnante
931 1913 1125 1982 Aeli'waldo.
1182 1917 1280 1983 Anno
1315 1922 1428 1983 autem

378 2011 561 2080 Dominioae
584 2013 821 2080 incarnationis
843 2028 1005 2082 Dccxcvr.
1029 2015 1229 2095 Eonbaldus,
1256 2018 1339 2083 xvii.
1373 2019 1426 2084 sui

320 2102 323 2116 ¹
366 2111 675 2206 'archiepiscopatus
712 2137 800 2184 anno
841 2118 992 2196 moriens,
1023 2118 1166 2185 alterum
1204 2119 1423 2198 Eanboldum‚

289 2217 294 2228 '
378 2221 436 2305 qui
474 2219 621 2306 ejusdem
653 2219 797 2287 ecclesiae
837 2219 1012 2306 presbyter
1057 2221 1175 2299 iuerat,
1210 2237 1427 2289 successorem

212 2330 316 2384 wlsius.
378 2323 521 2408 reliquit,
559 2325 719 2410 regnante
749 2341 826 2408 rege
858 2319 1038 2388 Eardulfo.2
1099 2322 1179 2390 Post
1218 2323 1428 2391 Eanbaldum

377 2423 503 2489 Wlsius
547 2424 636 2490 rexit
680 2422 1006 2510 archiepiscopatum,
1054 2423 1206 2491 Eanredo
1252 2432 1428 2514 regnante;

379 2528 521 2594 moriens
557 2531 671 2594 autem
708 2524 841 2604 Wlsius,
881 2525 1110 2613 Wymundum
1148 2527 1268 2594 habuit
1304 2549 1429 2595 succes·

212 2643 316 2697 wlfere.
379 2651 492 2708 sorem,
527 2627 666 2716 praefato
699 2648 776 2715 rege
809 2633 976 2714 regnante.
1024 2627 1097 2708 Oui,
1120 2630 1188 2696 xvi.
1223 2630 1429 2718 episcopatus

379 2733 431 2800 sui
465 2753 552 2800 anno
585 2730 749 2810 morienti,
773 2729 896 2798 Wifere
927 2727 1123 2800 successit
1113 2753 1150 2798 ιη
1172 2733 1428 2848 archiepiscopa-

380 2825 462 2903 tum.

209 2961 267 3013 Tse
423 2941 488 3006 His
510 2936 714 3026 temporibus
736 2935 869 3002 infinita
891 2935 1106 3004 barbarorum
1129 2958 1255 3022 manus,
1256 2937 1429 3006 ³navibus

210 3029 333 3148 ¹322?ss
379 3041 554 3108 adducta
545 3063 581 3106 ιη
604 3037 768 3126 Angliam‚
791 3037 878 3105 ferro
904 3040 979 3104 et
969 3061 1046 3126 1gne
1069 3041 1181 3107 omnia
1202 3045 1429 3109 vastaverunt

380 3143 564 3212 Eboracum
586 3142 723 3209 veniens
753 3141 1025 3229 oppugnaba[n]t
1047 3143 1229 3223 civitatem,
1259 3149 1430 3212 vastantes

380 3245 491 3312 omnia
523 3266 583 3332 per
615 3244 798 3313 circuitum.
845 3241 949 3310 Paulo
980 3247 1059 3309 ante
1089 3244 1273 3312 adventum
1295 3246 1429 3312 illorum

378 3347 644 3434 Northymbrani
676 3345 872 3433 expulerant
905 3365 1015 3434 regom
1050 3367 1156 3426 suum,
1179 3348 1361 3416 substituto
1392 3349 1430 3412 in

377 3471 517 3538 regnum
546 3445 670 3528 Anna,⁴
691 3447 833 3536 quodam
865 3447 949 3534 regii
980 3447 1116 3514 seminis
1149 3453 1317 3517 extraneo.
1363 3448 1430 3518 Sed

378 3553 525 3620 instante
547 3549 741 3620 necessitate
763 3554 1003 3617 revocaverunt
1025 3549 1208 3638 expulsum,
1224 3559 1259 3620 et
1280 3559 1352 3620 tam
1374 3551 1430 3618 ille

378 3677 478 3742 quam
509 3655 595 3732 alius
626 3653 684 3741 qui
715 3673 776 3740 pro
807 3673 845 3720 eo
877 3651 1080 3720 substitutus
1114 3653 1231 3734 firerat,
1253 3655 1430 3722 adunatis⁵

376 3759 457 3826 totis
479 3758 607 3824 viribus
630 3754 987 3842 Northanymbrorum,
1002 3755 1092 3844 apud
1115 3755 1299 3825 Eboracum
1321 3755 1430 3824 bello⁶

377 3867 492 3928 eontra
528 3860 640 3926 hostes
677 3862 821 3945 agentes,
853 3877 921 3923 non
959 3857 1030 3923 sine
1068 3879 1189 3944 magna
1220 3858 1429 3926 inimicorum

377 3969 487 4050 strage
521 3962 653 4048 utrique
685 3979 778 4046 reges
809 3979 905 4044 paene
927 3979 1002 4024 cum
1037 3957 1106 4024 suis
1139 3959 1292 4026 omnibus
1324 3961 1429 4047 perie-

376 4063 478 4132 runt⁷
524 4062 673 4149 Reliquis
707 4060 765 4146 qui
796 4059 1028 4146 superfuerant
1058 4061 1179 4147 pagani
1213 4062 1430 4148 praefeoerunt

375 4167 438 4234 'sub
460 4165 605 4233 dominio
628 4183 688 4229 suo
710 4172 821 4250 regem
844 4161 1036 4250 Egbertum,
1058 4163 1278 4232 reconciliatis
1308 4165 1351 4232 ab
1378 4166 1425 4232 eis

410 4413 419 4449 ¹
437 4413 541 4480 Atrcdi]
561 4413 674 4474 alcredi,
686 4411 717 4464 C.
962 4411 973 4444 ⁴
990 4411 1081 4480 Anna]
1100 4413 1164 4476 lilla,
1176 4415 1206 4468 C.

411 4492 483 4542 ²Eo
484 4484 582 4558 widulf]
604 4492 708 4554 Osredo,
722 4491 752 4544 Ο.
962 4489 972 4523 ⁵
990 4491 1075 4542 αᾰιικο
1043 4494 1124 4560 aas]
1144 4495 1340 4556 coadunatum.

412 4572 511 4622 'norm
513 4570 539 4636 a]
581 4570 678 4638 Inguar
712 4583 750 4620 sc
742 4569 821 4633 hcet
854 4577 879 4622 et
963 4569 1070 4638 ⁶bello]
1092 4573 1208 4638 bella‚.0

379 4651 462 4712 ubba,
473 4659 499 4702 et
517 4649 644 4712 Hnidana,
653 4663 712 4700 cum
730 4663 798 4698 omnr
809 4664 880 4701 exer
962 4648 1008 4700 ⁷u
992 4649 1141 4716 noſtroe
1158 4653 1433 4721 .periaeum]cn.,0.

378 4731 430 4782 citu
457 4730 591 4782 Dacorum
622 4736 647 4780 et
676 4727 880 4832 uoraginem,

378 4810 468 4865 irraO·
