3582 5798
426 826 468 892 56
702 838 885 892 unicum
907 837 1030 888 sareon
1053 837 1209 890 oswsnm

254 1035 411 1116 'item
424 1026 510 1094 sicut
543 1027 689 1094 diximus
725 1027 818 1094 illam
848 1028 997 1106 vorabat
1029 1028 1089 1094 ubi
1125 1027 1169 1094 ad
1207 1028 1314 1114 ipssm
1348 1031 1478 1114 partem

253 1103 358 1158 Μ*
422 1130 517 1216 cujus
548 1151 566 1197 e
603 1131 735 1218 regione
773 1131 893 1198 latores
930 1129 1093 1196 antistitis
1130 1129 1238 1216 primo
1275 1129 1478 1196 transierant

422 1233 557 1300 domum
578 1233 799 1302 consumendo
828 1233 991 1320 pervenit,
1013 1234 1182 1300 extinctus
1205 1237 1274 1312 est3
1296 1231 1416 1300 necin
1439 1253 1478 1296 ee

422 1334 486 1400 sibi
523 1336 699 1422 quicquam
736 1337 825 1402 ultra
861 1357 1050 1402 consumere
1088 1336 1193 1403 licuit.
1241 1334 1271 1400 Ο
1309 1356 1362 1400 res
1398 1355 1477 1400 vere

422 1437 523 1504 mirei
569 1438 688 1505 Stabat
719 1439 844 1522 domus,
882 1461 982 1525 quam
1013 1439 1168 1526 psuperis
1201 1437 1346 1505 hominis
1383 1437 1477 1523 larga

422 1544 598 1627 paupertas
632 1541 695 1606 sibi
717 1541 820 1628 virgis
850 1541 1017 1608 intexeret
1039 1547 1075 1608 et
1096 1541 1259 1608 arundine
1280 1539 1433 1617 terserat,1
1455 1561 1476 1606 e

421 1643 474 1708 sui
496 1643 604 1710 medio
626 1645 756 1731 integre
778 1650 812 1709 et
834 1665 922 1723 sane,
945 1645 1050 1710 eltere
1076 1645 1147 1730 ejus
1178 1643 1357 1710 medietate
1380 1641 1476 1727 qussi

421 1745 465 1811 ad
497 1745 767 1832 perpendiculum
799 1769 820 1812 a
859 1768 988 1812 summo
1022 1747 1186 1834 usquein
1208 1751 1331 1812 tenum
1353 1744 1475 1812 confla·

479 1853 522 1914 te.

252 1970 409 2026 Acmona
421 1869 496 2018 gul).
520 1951 605 2017 Item
647 1952 713 2017 alio
749 1956 897 2038 tempore
933 1951 1073 2018 ardebat
1105 1953 1184 2018 urbs
1215 1955 1406 2028 memorate,
1440 1955 1473 2016 et

252 2039 400 2159 ξξξωῑὲθππ
421 2053 576 2119 scrinium
593 2053 707 2120 Sancti
729 2075 788 2139 pro
810 2055 955 2142 fugando
978 2055 1124 2142 periculo
1146 2059 1262 2121 contre
1283 2051 1474 2120 incendium

400 2145 471 2221 'est
493 2157 625 2222 elatum.
672 2156 767 2236 Quod
790 2157 925 2242 quidam
947 2158 989 2222 de
1020 2158 1135 2224 incolis
1158 2158 1271 2234 sciens,
1294 2156 1474 2222 sodomus

419 2279 496 2336 suae,
519 2280 619 2344 quam
641 2265 722 2326 tunc
743 2281 849 2346 nuper
871 2281 1024 2347 magnam
1040 2260 1270 2337 aedificaverat,
1286 2258 1473 2344 integritati

419 2361 626 2447 prospiciens,
650 2363 790 2427 occurrit
802 2387 810 2442 ;
833 2383 871 2428 ac
904 2363 1079 2428 monachos
1102 2362 1187 2428 illud
1209 2363 1350 2428 ferentes
1372 2361 1417 2426 ad
1438 2383 1473 2426 ee

419 2462 582 2530 divertere
615 2465 763 2550 poposcit
800 2469 834 2529 et
871 2465 1071 2550 impetravit
1135 2465 1263 2546 Quibus
1294 2465 1472 2550 appropin-

253 2566 605 2651 Theovnerquentibus,
629 2565 684 2631 ille
715 2567 752 2630 in
782 2566 888 2631 eitum
911 2588 991 2633 voce
1014 2567 1126 2632 levate
1148 2567 1243 2644 dixit,
1269 2566 1354 2632 “Pie
1377 2573 1473 2652 pater

251 2645 394 2700 ⁰f⁸¹²⁰u⁸⁰
418 2675 436 2703 “
458 2673 493 2734 et
524 2675 644 2754 pastor,
667 2668 827 2746 Oswalde,
863 2675 955 2735 ecce!
989 2669 1124 2734 domum
1157 2691 1265 2736 meam
1297 2669 1471 2735 voracibus

251 2713 323 2778 gives
335 2714 393 2766 itte

251 2781 388 2896 ppoppint,
418 2778 433 2806 “
457 2770 599 2836 flammis
622 2769 808 2847 obnoxiam,
831 2769 894 2835 tibi
930 2771 1016 2836 dono
1028 2795 1036 2851 ;
1059 2778 1149 2838 ecce!
1183 2793 1255 2838 eam
1289 2793 1309 2836 e
1341 2773 1409 2858 tej

251 2911 378 2964 cennens
417 2879 434 2906 “
456 2878 615 2957 perpetuo
637 2873 867 2958 possidendam
890 2873 952 2937 sub
974 2879 1071 2938 tuum
1094 2875 1278 2940 dominium
1301 2895 1409 2960 pono;
1431 2881 1471 2940 tu

249 2978 336 3045 brings
419 2979 433 3006 ‘⁶
457 2993 529 3038 cem
552 2973 616 3038 tibi
638 2973 790 3054 vindica3
812 2979 851 3039 tu
875 2996 956 3052 cem,
979 2975 1007 3040 si
1029 2975 1147 3062 ploret,
1171 2999 1191 3042 e
1213 2979 1368 3064 praeeenti
1384 2980 1470 3064 peri-

249 3045 352 3098 ‘hl‘hffi
416 3082 435 3109 “
458 3074 532 3140 culo
555 3075 684 3142 libere'’
706 3076 834 3156 Quibus
858 3077 963 3154 dictis,
980 3079 1157 3144 interdixit
1180 3080 1226 3145 eis
1250 3081 1308 3166 qui
1331 3081 1473 3168 desuper

417 3182 512 3242 erant
534 3177 706 3255 scindulas,
730 3179 850 3263 quibus
875 3180 947 3265 ipsa
969 3182 1086 3246 domus
1116 3183 1298 3268 tegebatur,
1322 3183 1471 3270 dejicere,

372 3347 376 3354 ,
417 3299 498 3365 quas
521 3280 727 3364 dejiciebant,
744 3286 786 3345 et
819 3281 953 3347 domum
983 3304 1004 3348 e
1033 3305 1093 3348 suo
1119 3289 1210 3349 statu
1245 3285 1401 3351 divellere
1434 3287 1470 3350 in

417 3403 482 3467 quo
505 3383 710 3448 consistebat.
750 3382 872 3447 Parent
895 3383 944 3448 illi
961 3385 1034 3450 voci
1057 3385 1274 3470 praeeidentis,
1291 3388 1348 3452 sed
1371 3409 1470 3475 super

416 3505 488 3549 eam
520 3485 741 3562 consistentes,
777 3507 899 3570 prunae
931 3507 1019 3552 more
1051 3488 1222 3574 grandinis
1260 3490 1469 3558 decurrentes

415 3607 512 3673 scope
527 3587 712 3652 devertunt.
759 3586 878 3652 Illatus
894 3609 971 3674 ergo
993 3589 1083 3655 intra
1105 3611 1198 3657 suem
1221 3591 1331 3658 sulem
1353 3599 1468 3680 poten·

247 3677 395 3808 {ww
415 3689 561 3754 tissimus
586 3689 758 3756 Oswaldus
791 3697 848 3754 est.
896 3691 1002 3756 Domo
1034 3693 1147 3778 itaque
1179 3696 1402 3776 eminentiore,
1433 3704 1468 3764 et

247 3813 343 3874 senec,
414 3791 482 3872 vix,
504 3813 572 3857 non
595 3791 667 3858 dieo
690 3791 896 3877 longitudine
919 3793 976 3857 scd
999 3793 1186 3872 latitudine,
1207 3797 1300 3882 pedis
1323 3797 1467 3864 hominis

246 3875 386 4010 {gam
413 3893 456 3960 eb
487 3893 601 3960 eedem
632 3893 709 3960 sule
743 3893 897 3973 distento,
920 3895 969 3961 ite
1001 3901 1144 3963 cremate
1178 3903 1237 3976 est,
1260 3904 1299 3964 ut
1329 3901 1377 3965 nil
1401 3902 1466 3966 nisi

247 4008 365 4064 ieuumt.
413 3999 549 4063 truncus
572 3995 696 4082 stipitis
719 3995 818 4060 unius
840 4017 882 4061 ex
905 4017 944 4061 ea
970 4003 1153 4065 remaneret
1175 3999 1332 4067 inustum.
1379 4003 1468 4071 Aula

413 4098 501 4183 petri
524 4097 678 4163 Osweldo
709 4097 935 4164 commendate
969 4104 1004 4164 et
1035 4099 1122 4179 data,
1145 4121 1206 4168 nee
1239 4103 1388 4191 contingi
1422 4106 1465 4171 ab

412 4199 484 4286 igni
515 4199 634 4284 potuit,
657 4219 717 4264 nec
747 4199 854 4264 ullum
886 4200 1063 4287 vestigium
1095 4201 1181 4289 ignis
1215 4205 1251 4269 in
1274 4227 1313 4271 ea
1335 4207 1464 4273 resedit

414 4299 580 4368 Scindulee
614 4305 726 4366 temen
749 4323 822 4388 quae
854 4303 896 4367 ab
928 4325 967 4370 ee
989 4305 1124 4391 dejectec
1146 4307 1290 4388 fuerunt,
1313 4309 1465 4376 incendio

412 4409 614 4490 consumptae
645 4409 730 4472 sunt.
777 4407 972 4474 Miraculum
1003 4409 1100 4496 plene
1132 4411 1341 4478 mirandum!
1387 4415 1465 4481 Fer·

412 4507 491 4574 vida
513 4511 609 4574 aestes
641 4513 759 4576 cuncte
785 4509 971 4590 siccaverat,
995 4516 1029 4578 et
1055 4513 1171 4580 domus
1193 4535 1315 4602 magna
1336 4519 1464 4605 magnis

808 4761 816 4795 ¹
834 4763 944 4830 maus]
964 4777 1014 4817 om.
1026 4765 1057 4817 B.
