3586 5802
596 842 641 891 sn
663 844 765 894 nuos
788 845 858 893 rna
880 844 1051 895 cucuron.
1289 829 1352 893 145

308 1025 382 1111 tor]
406 1025 566 1110 domiuo]
582 1025 715 1112 j[aoto'].
762 1027 892 1094 Horum
915 1028 981 1094 alia
1003 1049 1126 1095 cornua
1144 1027 1361 1095 desideranda

305 1132 393 1206 sunt,
416 1132 451 1192 et
480 1129 588 1214 pretio
621 1128 736 1206 multo,
760 1130 789 1194 si
824 1130 956 1196 venalia
978 1135 1098 1208 essent,
1120 1129 1362 1216 comparanda3

303 1229 370 1295 alia
385 1229 529 1294 viriliter
543 1229 787 1317 confringenda,
803 1231 858 1296 vel
874 1231 1020 1298 studiose
1035 1231 1188 1298 cavenda.
1228 1230 1362 1297 Cornua

306 1329 446 1396 duorum
471 1329 547 1417 [stc]
573 1332 661 1398 mala
681 1337 894 1419 expugnant;
916 1354 1038 1399 cornua
1052 1334 1140 1400 bona
1154 1332 1360 1420 impugnant.

350 1432 471 1498 Literis
487 1433 613 1499 domini
628 1455 724 1520 papae
735 1455 817 1520 quas
832 1434 1095 1521 archiepiscopus
1107 1434 1272 1501 detulerat
1283 1436 1362 1522 regi,

305 1539 340 1599 et
363 1534 484 1621 quibus
507 1536 640 1621 utrique
662 1536 788 1622 placuit
811 1536 980 1622 expositis,
997 1536 1122 1601 dictum
1147 1541 1198 1601 est
1219 1536 1250 1602 ei
1274 1537 1363 1622 quod

305 1636 341 1700 in
363 1638 488 1725 Anglia
520 1639 574 1704 vel
597 1639 804 1705 Normannia
828 1638 1021 1704 remansisse
1044 1637 1161 1702 melius
1184 1643 1219 1704 et
1245 1638 1361 1704 hones·

305 1739 373 1804 tius
394 1740 510 1807 fuerat.
552 1742 627 1828 Ipse
652 1763 729 1807 vero
762 1741 961 1828 [pro]posuit
983 1741 1123 1806 necdum
1146 1740 1183 1804 in
1205 1740 1361 1826 Angliam

304 1843 435 1908 reverti.
494 1843 599 1908 Vetus
633 1843 845 1930 proverbium
879 1849 937 1920 est,
962 1841 1088 1923 “Quod
1120 1863 1180 1906 rex
1213 1841 1362 1927 loquitur

304 1943 464 2010 “stabile
497 1944 597 2010 debet
630 1945 727 2010 esse.''
774 1945 951 2010 Turstinus
984 1943 1157 2030 presbyter
1191 1942 1285 2008 venit
1316 1943 1360 2007 ad
1371 1955 1469 2074 prierhthe

305 2066 415 2132 regem
438 2045 568 2112 dicens:
609 2046 788 2123 “Domine,
811 2045 1074 2131 archiepiscopus
1097 2044 1203 2109 rediit.
1248 2043 1483 2156 Qum'onhop's

304 2152 418 2211 “tum
441 2147 536 2213 vobis
566 2147 693 2234 placuit
716 2147 914 2235 exspectavi.
961 2146 1105 2232 Tempus
1127 2151 1179 2211 est
1204 2145 1301 2212 modo
1325 2151 1476 2274 elidii„

305 2257 322 2282 ‘¹
346 2271 399 2314 me
422 2250 561 2316 Romam
585 2249 659 2314 ire.’'
705 2250 753 2314 At
783 2249 833 2314 illi
856 2248 1004 2315 nondum
1027 2248 1162 2326 volenti,
1186 2253 1220 2313 et
1251 2247 1360 2314 adhuc
1371 2289 1511 2340 dmm

305 2350 515 2436 aliquantum
558 2355 766 2438 exspectaret
801 2349 1015 2428 exhortanti}
1046 2349 1236 2437 respondit:
1260 2358 1276 2384 “
1295 2349 1359 2414 Vos
1371 2355 1508 2408 fulsslment

306 2461 323 2488 “
346 2453 447 2532 scitis,
481 2454 623 2532 domine,
646 2453 740 2519 salva
765 2453 952 2519 reverentia
985 2457 1104 2530 vestra,
1128 2451 1244 2537 loquor
1270 2421 1522 2554 (ῃιοᾱξξζὲῇζρ,ὼ

305 2562 322 2588 “
346 2554 428 2618 mihi
451 2553 651 2643 pepigistis.''
693 2553 813 2620 Nescio
845 2575 911 2640 quo
933 2553 1067 2640 potione
1098 2553 1273 2619 oblivionis
1306 2553 1360 2618 vel
1372 2554 1434 2605 mne
1445 2557 1501 2606 that

306 2657 575 2724 contradictionis
619 2657 882 2743 archiepiscopus
921 2677 1030 2743 regem
1077 2659 1259 2742 potaverat,
1302 2622 1531 2756 sedzgfflge,

307 2779 439 2844 prorsus
462 2763 495 2824 et
518 2759 581 2825 hac
603 2761 674 2825 vice
705 2758 873 2825 licentiam
897 2759 997 2823 eundi
1030 2758 1214 2844 denegavit.
1261 2755 1363 2822 Putae
1377 2779 1506 2848 running

308 2859 367 2926 bat
399 2861 487 2926 enim
519 2860 614 2928 facile
647 2883 764 2928 cuma
800 2882 886 2948 papa
921 2861 1185 2938 consecrandum,
1210 2859 1299 2946 quod
1331 2847 1514 2964 etffi‘ffi

308 2984 367 3027 rex
401 2963 543 3040 nolebat,
565 2969 600 3028 et
631 2962 895 3050 archiepiscopus
927 2963 1068 3027 nimirun
1103 2962 1282 3040 metuebat,
1304 2983 1365 3028 nec
1516 2950 1522 2964 ⁸

308 3061 366 3126 ille
388 3063 497 3129 adhuc
530 3064 639 3130 voluit
670 3085 782 3150 regem
805 3064 979 3143 offendere,
1003 3069 1199 3151 exspectans
1232 3068 1364 3150 tempus

307 3165 485 3231 miserendi
508 3166 587 3254 ejus.
642 3165 694 3231 De
721 3187 788 3250 qua
809 3187 844 3230 re
868 3165 1042 3232 consilium
1074 3188 1095 3234 a
1129 3167 1224 3233 nobis
1255 3165 1365 3252 requi-

308 3267 395 3332 renti
418 3266 524 3334 literis
547 3267 625 3334 istis·
643 3267 877 3334 mandavimus
899 3267 958 3335 illi.

325 3569 485 3638 Secundae
508 3570 612 3637 literae
635 3569 784 3657 ejusdem
807 3569 958 3659 Capituli
981 3570 1025 3638 ad
1047 3572 1188 3638 eundem
1211 3573 1360 3640 electum.

352 3793 478 3864 Dilecto
512 3803 542 3864 et
576 3793 670 3863 electo
702 3796 843 3864 doratio
881 3805 910 3865 et
943 3799 1043 3886 patri
1074 3822 1136 3866 suo
1171 3799 1360 3885 llarstioo]
1375 3813 1524 3878 'saeclap-

308 3898 467 3965 oooooe’et
490 3897 610 3964 Sancti
632 3898 732 3966 Petri.
753 3907 783 3966 et
804 3900 863 3966 sot
885 3900 925 3967 de
948 3901 1031 3968 bono
1045 3901 1176 3987 incepto
1198 3901 1360 3978 mediam,
1372 3880 1531 3997 {mem

309 4001 516 4066 comiacrum
539 3997 586 4066 od
609 3998 785 4067 lwncstom
800 4001 917 4088 finem.
965 4002 1037 4067 Hoc
1052 4001 1150 4080 robis,
1174 4002 1361 4069 verteroode
1373 4012 1515 4064 Taurinis

309 4102 465 4180 sacerdos,
488 4123 630 4188 surpere,
649 4101 853 4189 peraccedere
876 4110 906 4169 et
927 4103 1102 4190 deprecavi
1132 4105 1290 4171 volomus
1312 4113 1360 4182 at,
1373 4079 1416 4130 ‘¹²⁶
1433 4086 1532 4130 Μ’·

309 4211 482 4291 quarelam
509 4203 654 4292 potestis,
692 4205 787 4271 solvo
816 4205 984 4291 fidelitate
1026 4207 1110 4274 Jesa
1155 4207 1289 4286 Christi,
1334 4217 1363 4276 et

308 4313 431 4374 sorwtoe
461 4305 598 4374 cocheio
631 4305 780 4374 libertate
811 4315 841 4374 et
873 4315 976 4376 vestro
1007 4309 1138 4388 honore,
1169 4311 1219 4376 rel
1250 4311 1363 4379 condo

309 4405 357 4472 ccl
389 4407 454 4474 lire
490 4407 672 4486 redeundo,
710 4407 759 4473 vel
797 4409 964 4496 quicquid
996 4409 1165 4498 feriende,
1199 4411 1396 4482 studeatis'

309 4507 397 4595 repis
420 4508 681 4577 beneroleottom
711 4510 862 4578 retinere.
911 4513 988 4596 Quo
1009 4521 1133 4582 retecto
1159 4515 1191 4582 se'
1217 4515 1364 4586 Romam

608 4765 617 4798 ¹
638 4762 796 4832 exhortanti]
817 4766 960 4830 exornanti,
970 4767 1026 4820 MS.

395 4827 488 4882 0575.
1201 4849 1226 4898 K
