3582 5798
411 917 455 984 68
724 929 806 982 ure
829 932 951 984 sareu
974 933 1137 985 oswannr.

409 1147 491 1196 num
513 1125 627 1204 cruam
649 1125 685 1192 in
707 1145 773 1211 quo
806 1131 945 1196 novera
966 1126 1128 1196 laetificari
1150 1127 1265 1205 civem,
1295 1125 1459 1198 consterni

408 1227 545 1306 hostem,
568 1226 712 1314 separari
744 1227 868 1292 malum
898 1249 920 1294 a
952 1228 1047 1296 bono.
1095 1229 1168 1308 Quo
1198 1229 1349 1317 opposito
1383 1252 1459 1300 eva·

408 1331 485 1395 nuit
506 1331 566 1394 lux
588 1330 653 1407 illa,
677 1334 712 1395 et
730 1330 867 1416 angelus
889 1351 1032 1416 nequam
1055 1331 1216 1398 similiter.
1263 1331 1356 1400 Tunc
1379 1333 1461 1400 oeci·

408 1433 461 1498 nit
483 1431 635 1500 Israelita
657 1453 788 1498 carmen
810 1431 873 1498 boc
895 1431 1058 1498 Domino:
1107 1433 1138 1498 A
1157 1433 1284 1502 matris
1307 1441 1352 1502 est
1373 1433 1634 1502 adlethae—⁹.

408 1534 580 1604 nomam
609 1557 652 1602 ae
682 1555 909 1616 emarcueram
937 1541 1077 1622 propter
1099 1535 1157 1604 boo
1193 1535 1384 1604 dilatatum
1417 1544 1462 1604 est

409 1661 465 1708 cor
485 1659 609 1717 mam,
633 1644 662 1704 et
692 1637 855 1706 eealtoett
884 1637 1011 1724 ltapva
1032 1659 1109 1706 meo
1119 1665 1131 1722 ,·
1164 1639 1309 1726 tamuper
1332 1647 1361 1708 et
1383 1661 1462 1708 caro

408 1763 484 1810 acea
505 1740 683 1830 requiescet
704 1740 747 1806 e'a
769 1761 832 1828 spa

454 1845 616 1912 Praeterea
639 1863 739 1930 quam
761 1843 928 1910 studiosus
951 1843 1054 1912 lector
1076 1843 1275 1910 Divinorum
1299 1844 1460 1924 extiterit,

410 1953 442 2012 et
467 1949 502 2012 in
533 1947 598 2010 illis
629 1945 819 2011 exercendis
854 1967 953 2032 quam
982 1951 1167 2032 opportune
1190 1947 1408 2032 importunus,
1431 1949 1460 2014 si

409 2050 483 2136 quis
517 2050 645 2116 exitum
678 2047 931 2134 praestolabitur,
954 2054 1067 2114 textus
1098 2049 1246 2115 historiae
1270 2049 1459 2128 declarabit,

410 2151 566 2236 quoniam
590 2149 657 2230 Qui
683 2148 953 2234 magnificaverat
976 2149 1234 2218 miscricordiam
1258 2151 1361 2218 Suam
1384 2173 1459 2218 cum

410 2253 476 2330 illo,
499 2253 535 2318 in
557 2253 657 2318 finem
680 2251 800 2318 dilexit
823 2273 906 2318 eum.

411 2463 582 2547 Quomodo
616 2487 680 2552 per
713 2464 866 2551 sicaputos
895 2465 1025 2550 madere
1052 2487 1255 2552 pecudem
1281 2475 1460 2556 manetem

763 2574 807 2633 est
829 2567 872 2632 e‘a
894 2567 1102 2636 sacerdotem.

453 2706 532 2772 Post
576 2709 743 2794 susceptos
777 2699 900 2772 'autem
945 2705 1066 2792 gradus
1112 2705 1282 2772 inferiores
1321 2707 1459 2796 gradum

240 2827 375 2880 oswaldis
408 2809 552 2894 suscepit
575 2809 786 2888 diaconatus;
816 2811 985 2894 promotus
1019 2807 1137 2872 deinde
1171 2809 1208 2872 in
1238 2809 1378 2897 gradum
1409 2832 1459 2876 sa-

235 2894 359 3024 3322120‘1
409 2912 546 2980 cerasa
569 2912 603 2976 a
638 2917 785 2997 tempore
816 2933 883 2976 suo.
940 2911 1163 2976 sabomacum
1195 2911 1230 2975 a
1263 2912 1358 2978 aona
1388 2913 1460 3000 arg-

410 3016 557 3081 nitatum
585 3013 742 3079 dilatavit
763 3012 862 3078 Deus.
887 3013 923 3076 in
954 3013 1050 3078 donis
1072 3013 1246 3091 virtutum,
1274 3015 1309 3078 in
1340 3014 1459 3100 quibus

407 3115 662 3204 prosperabatur
694 3121 728 3180 et
759 3115 951 3202 proficiebat
986 3115 1026 3179 de
1059 3115 1185 3180 virtute
1217 3115 1253 3180 in
1288 3115 1458 3182 virtutem.

408 3219 602 3286 Laetabatur
624 3217 660 3281 in
693 3218 788 3282 bonis
820 3217 965 3294 Domini,
1005 3217 1238 3282 deambulabat
1270 3218 1306 3282 in
1329 3219 1458 3306 pascuis

402 3323 554 3410 justitiae,
576 3320 635 3386 ubi
659 3320 814 3406 carpebat
836 3321 944 3384 lilium
967 3319 1173 3398 aeternitatis,
1196 3325 1231 3384 et
1260 3341 1368 3386 rosam
1390 3321 1458 3386 Do-

407 3424 520 3490 minici
544 3422 687 3508 corporis
710 3427 745 3512 et
767 3422 947 3508 sanguinis,
971 3423 1028 3489 ubi
1051 3443 1119 3488 non
1141 3422 1344 3490 manducans
1366 3445 1458 3490 man-

408 3528 516 3604 ducat,
539 3531 573 3591 et
596 3524 797 3590 manducans
819 3546 887 3590 non
916 3525 1116 3604 manducat3
1146 3525 1193 3590 ibi
1216 3525 1305 3590 enim
1327 3524 1400 3590 fons
1423 3525 1459 3590 in

409 3649 474 3714 quo
507 3649 574 3694 non
607 3628 827 3694 communicat
858 3626 994 3692 alienus.
1042 3623 1172 3712 Quippe
1204 3625 1276 3692 haec
1300 3631 1380 3692 sunt
1402 3626 1458 3692 de-

407 3735 627 3802 ambulatoria
664 3734 869 3800 sacerdotum
907 3734 944 3798 in
978 3733 1103 3818 templo
1135 3733 1316 3798 Ezechielis
1328 3757 1335 3812 ;
1368 3733 1456 3798 unde

405 3838 588 3916 Psalmista‚
612 3835 880 3911 deecrsbutabcae,
902 3835 1021 3921 inquit,
1044 3835 1087 3900 e'a
1117 3835 1316 3902 sammaa
1345 3834 1512 3904 bordiers.
1525 3869 1548 3906 e.
1560 3859 1585 3905 a.

405 3941 473 4010 aaa
530 3941 572 4006 In
594 3941 657 4008 bae
691 3938 905 4006 deambulans
938 3939 1062 4004 Beatus
1094 3937 1278 4014 Oswaldus,
1301 3942 1456 4004 strenuus

404 4049 521 4126 viator,
545 4049 671 4114 solebat
705 4047 768 4112 sibi
803 4045 959 4112 conficere
990 4043 1150 4110 viaticum
1182 4045 1218 4110 in
1241 4045 1306 4120 via,
1339 4065 1456 4130 eorpus

236 4182 393 4234 Hisoustom
405 4150 561 4216 videlicet
583 4149 803 4226 Dominicum,
827 4147 863 4212 in
885 4147 956 4212 loco
989 4145 1160 4232 designato
1184 4146 1247 4212 sibi
1271 4146 1314 4212 ab
1336 4145 1456 4212 abbate
1758 4143 1759 4189 l

235 4250 394 4326 concreasse
406 4275 475 4330 suo,
498 4259 538 4318 ut
571 4253 793 4339 praediximus,
817 4252 930 4337 ibique
962 4251 1137 4316 Mimmum
1170 4250 1341 4316 sollemnia
1374 4251 1456 4318 cele·

235 4317 318 4448 ἓξὲξ
405 4357 509 4421 brare.
566 4354 673 4420 Locus
694 4360 806 4421 auum
830 4358 948 4440 crypta
971 4353 1123 4438 quaedam
1155 4358 1227 4418 erat
1249 4352 1284 4416 in
1308 4352 1456 4418 occidan-

404 4457 465 4522 tali
488 4460 581 4543 parte
604 4455 745 4524 ecclcsiae
777 4456 902 4522 habens
935 4455 1078 4533 multum
1110 4455 1251 4534 artificii,
1273 4455 1330 4520 sed
1354 4455 1457 4540 pluri·

404 4587 496 4630 mum
519 4563 721 4640 reverentiae,
755 4563 911 4649 quoniam
934 4573 1014 4629 loeus
1037 4571 1233 4630 confessionis
1255 4583 1296 4626 ex
1320 4581 1454 4628 consue-

403 4668 520 4734 tudine
543 4666 722 4734 dicabatur.
738 4683 746 4696 '
761 4673 817 4730 Pro
833 4673 942 4730 foribus
957 4679 1054 4731 autem
1070 4678 1179 4747 cryptas
1195 4663 1285 4728 illius
1301 4672 1453 4728 duodecim
1466 4675 1587 4740 naama,

403 4797 551 4854 pauperes,
574 4771 660 4837 sicut
682 4769 719 4834 in
741 4767 856 4836 diablls
878 4769 1034 4854 antiquis
1049 4776 1213 4836 conversari
1235 4781 1453 4846 consueverant,
1466 4759 1492 4808 Ρ·
1506 4747 1547 4797 ¹⁰'
