3454 5816
453 859 518 919 458
758 873 781 921 a
805 874 979 922 surmont
1004 877 1202 925 eusourcaa

452 1057 662 1134 Praebendas:
681 1061 865 1147 dignitates
887 1063 942 1128 hic
964 1063 1080 1128 ordine
1104 1070 1194 1130 recto

496 1160 615 1248 Dignis
640 1162 815 1228 distribuit
837 1163 1000 1250 officiique
1024 1167 1154 1252 gradus.

452 1262 631 1328 Ecclesiam
655 1270 796 1350 reparat,
820 1267 920 1330 simul
944 1275 1139 1334 ornamenta
1161 1270 1314 1350 decorat;

496 1364 638 1430 Sedulus
661 1365 806 1432 officium
824 1369 959 1453 'perficit
982 1370 1051 1454 ipae
1075 1370 1147 1435 Dei.

281 1467 429 1532 lapisphof
452 1465 579 1548 Qrcula'u
600 1469 658 1544 oia
681 1469 750 1534 oni
767 1491 925 1554 persono,
948 1469 1099 1548 scientio,
1122 1472 1204 1550 vita,
1451 1475 1524 1538 345

279 1535 398 1585 “lm
496 1567 686 1654 comana
711 1569 841 1636 ruma
864 1571 1000 1648 murra,
1023 1572 1104 1649 arra,
1128 1573 1224 1650 com,

449 1670 529 1735 Herc
553 1671 673 1736 (lomere
696 1677 725 1735 et
747 1673 855 1738 clarus
877 1671 937 1737 aab
961 1679 1055 1738 tuoto
1074 1675 1221 1759 preasule
1237 1674 1327 1761 felia

492 1771 594 1837 Peroe
617 1771 707 1857 quod
728 1779 773 1838 cat
796 1779 825 1837 ct
846 1773 940 1838 habet
962 1775 1120 1840 macaria
1142 1797 1239 1841 ornae
1262 1775 1320 1843 eui
1342 1785 1397 1842 cat.

447 1873 508 1937 Vir
529 1896 606 1938 vere
629 1874 769 1960 sapiens,
794 1881 829 1939 et
852 1881 947 1961 parte
970 1875 1089 1944 beatus
1111 1878 1154 1942 ab
1177 1879 1276 1955 omni,

492 1976 558 2056 Qui
581 1977 677 2043 caelos
699 1977 821 2055 anima,
845 1999 979 2063 corporo
1002 1979 1090 2045 ditat
1112 1979 1261 2046 humum.
1443 1987 1517 2047 :350

445 2300 492 2365 Dc
508 2299 675 2366 scatentia
693 2323 760 2387 pro
776 2299 927 2366 libertate
942 2299 1082 2366 ccclesia
1097 2308 1235 2386 optenta
1253 2324 1317 2387 per
1334 2303 1514 2370 Sanctum

697 2402 933 2469 Pleuratuoam
956 2402 1255 2490 archiepiscopum.

445 2625 594 2692 Devictis
618 2623 725 2702 Dacia,
750 2623 875 2712 Anglos
899 2625 961 2688 sub
983 2623 1106 2690 foedere
1129 2625 1219 2710 pacis

445 2729 602 2795 Subdunt
625 2727 820 2802 Normanni,
843 2725 1025 2812 gaudentes
1049 2725 1191 2792 culmine
1214 2727 1326 2812 regni,

444 2831 508 2897 Sed
532 2829 637 2916 primo
661 2851 751 2914 reges
775 2828 850 2892 odio
873 2827 968 2894 velut
990 2829 1176 2893 inveterato

488 2933 626 2997 Vexant
648 2929 860 2994 Humbranos
883 2928 1034 2993 censibus
1057 2935 1157 3014 atque
1176 2929 1281 3016 jugo;

276 3044 379 3097 Yorkir
443 3034 622 3100 Ecclesiam
645 3031 790 3117 spoliant
812 3052 891 3095 mox
915 3031 1000 3096 clero
1023 3031 1238 3108 Lindicolino,
1360 3117 1361 3122 ἵ
1428 3039 1500 3101 355

272 3112 411 3228 fflfflf
487 3139 531 3203 Et
554 3136 713 3223 populum
736 3134 893 3212 subdunt,
914 3133 1131 3220 pontificique
1153 3154 1249 3198 novo.

274 3244 320 3294 &a
382 3216 389 3240 ’
442 3241 535 3306 Stow
551 3261 625 3305 cum
649 3235 841 3314 Newercha‚
864 3235 963 3300 simul
986 3239 1021 3300 et
1043 3234 1223 3313 Lincolnia‚
1247 3233 1350 3312 Luda,

486 3341 662 3407 Tollantur
686 3337 811 3424 rapide,
834 3359 894 3424 pro
918 3337 1032 3422 pudor,
1054 3341 1089 3400 et
1111 3335 1239 3422 pretio!

441 3443 611 3512 Pontificis
633 3440 825 3508 cathedram
848 3439 944 3504 dotat
966 3438 1097 3523 direpta
1118 3439 1246 3525 rapina,

486 3547 568 3613 Caeli
591 3544 705 3631 regina
727 3564 794 3607 non
816 3547 899 3628 puto
922 3540 1038 3606 laudat
1064 3561 1145 3606 eam.
1425 3545 1496 3608 360

440 3653 545 3716 Trans
568 3647 756 3712 Humbrum
780 3649 900 3710 cuncta
922 3643 1068 3730 rapiunt,
1092 3647 1126 3708 et
1148 3641 1280 3730 singula
1303 3643 1436 3722 tollunt,

485 3750 654 3827 Ecclesiae,
678 3747 808 3824 clerum,
831 3746 878 3811 sic
900 3745 1068 3830 populum,
1093 3745 1242 3830 patriam.

440 3857 495 3922 Sic
518 3855 688 3920 effraenata
711 3869 825 3935 regum
850 3852 1052 3932 processerat
1074 3847 1133 3924 ira,

484 3957 614 4023 Ardens
636 3950 829 4039 pontificum
852 3949 939 4014 livor
961 3954 996 4014 et
1018 3949 1154 4013 invidia.

440 4060 553 4147 thue
576 4077 696 4122 novam
719 4052 832 4130 veteri,
855 4051 1048 4138 primaevam
1071 4051 1243 4137 posteriori
1424 4055 1490 4118 365

484 4163 691 4248 Praeponant,
714 4155 860 4221 subdant
882 4155 1155 4240 metropolimque
1178 4153 1258 4237 pari.

269 4274 398 4332 Thanar
440 4269 581 4334 Sanctus
603 4259 803 4325 Thurstinus
826 4255 945 4343 praesul
970 4278 1031 4320 sua
1048 4255 1126 4340 jura
1150 4259 1290 4330 tenetur,

268 4347 372 4424 defends
383 4351 427 4402 ‘¹¹¹³
484 4371 528 4434 Et
549 4366 720 4431 libertates
743 4360 885 4426 ecclesiae
908 4357 1060 4444 protegit
1164 4432 1170 4446 Ι

268 4415 423 4534 blgshdlidrfeh.
438 4473 504 4537 Hic
526 4469 626 4533 maris
649 4471 683 4530 et
706 4471 802 4529 terrae
826 4463 957 4526 diversa
979 4459 1126 4546 pericula
1147 4474 1272 4544 passus,

480 4571 617 4655 Regum,
640 4563 836 4651 pontificum
859 4562 998 4648 pertulit
1020 4562 1090 4646 ipse
1114 4562 1229 4626 minas.
1420 4563 1485 4634 370

435 4669 641 4739 Pontifiealia
658 4669 810 4753 juraque,
824 4664 958 4750 'praedia
980 4663 1192 4748 diripiuntur,

478 4774 523 4840 Et
545 4769 765 4839 confiscantur
787 4789 860 4853 quae
884 4765 970 4831 bona
992 4770 1070 4829 sunt
1092 4763 1237 4850 reliquae
