3582 5798
424 859 466 920 58
691 869 871 920 uruncuus
896 870 1017 920 ssucrr
1041 869 1195 922 oswium

421 1057 538 1122 flatum
570 1058 724 1135 traheret,
748 1081 769 1123 a
801 1081 957 1145 germano
988 1059 1089 1125 fratre
1121 1082 1190 1134 suc,
1212 1059 1355 1145 quodam
1382 1059 1473 1125 vide-

420 1159 497 1224 licet
519 1161 677 1227 monacho
694 1161 901 1247 Wigornensi
916 1163 1081 1240 visitatus,
1098 1166 1132 1227 et
1154 1185 1195 1227 ne
1219 1163 1336 1227 timore
1358 1164 1475 1227 mortis

420 1261 455 1324 in
477 1261 674 1327 immensum
697 1249 809 1327 mente
829 1269 1099 1342 consterneretur,
1115 1263 1245 1329 blandis
1261 1264 1474 1341 sermonibus,

420 1369 581 1450 quantum
615 1367 651 1429 in
685 1366 755 1450 ipso
778 1365 852 1444 firit,
875 1366 1077 1432 confortatus
1109 1371 1167 1431 ast.
1214 1367 1267 1430 Ad
1291 1368 1387 1452 quae¹
1409 1366 1475 1442 ille,

421 1472 520 1552 prout
551 1472 688 1552 poterat,
723 1468 929 1553 gemebunda
961 1489 1039 1532 voce
1074 1467 1123 1533 ita
1157 1467 1346 1552 respondit:
1370 1468 1474 1532 “Jam

253 1558 401 1678 {wlsi-’⁸
422 1577 437 1603 “
461 1589 549 1634 nunc
572 1570 670 1656 paulo
693 1574 770 1633 ante
793 1591 879 1632 unus
903 1591 920 1633 e
943 1569 1101 1634 fratribus
1119 1571 1241 1634 nostris
1263 1576 1341 1636 ante
1364 1570 1474 1635 oculos

253 1696 331 1743 aare„
345 1701 371 1742 to
422 1680 550 1735 “meos
582 1677 731 1736 mortuus
763 1671 841 1735 hinc
867 1671 973 1735 elatus
1000 1677 1058 1748 est,
1083 1677 1117 1736 et
1144 1671 1228 1737 alter
1250 1679 1343 1738 ecce!
1366 1694 1473 1738 coram

253 1760 401 1876 {gfflil
422 1781 439 1808 “
462 1795 513 1838 me
548 1774 584 1836 in
618 1774 774 1838 extremis
806 1773 943 1851 laborat,
974 1790 1008 1838 et
1041 1795 1100 1859 ego
1132 1775 1245 1839 eadem
1278 1776 1351 1860 ipsa
1384 1774 1475 1840 clade

255 1894 408 1943 worcester.
422 1883 440 1909 “
462 1880 645 1960 prostratus
676 1897 743 1940 non
775 1875 1010 1940 formidarem?
1057 1875 1163 1940 Immo
1197 1877 1237 1940 de
1270 1876 1381 1941 anima
1403 1899 1476 1942 mea

422 1977 713 2062 “cogitatarum
749 1979 789 2042 de
822 1978 894 2042 vita
926 1979 1068 2063 corporis
1102 1978 1175 2054 mei,
1200 1978 1279 2042 dum
1313 1979 1368 2043 hic
1394 2001 1476 2056 sum,

423 2087 439 2113 “
463 2101 663 2165 supervacue
697 2081 814 2165 agitur.
860 2081 1020 2144 Attamen
1053 2081 1080 2144 si
1104 2081 1144 2144 de
1168 2102 1206 2144 ea
1229 2085 1361 2146 tantum
1384 2101 1475 2146 cura-

424 2191 439 2215 “
463 2183 516 2260 tis,
539 2181 616 2247 hinc
639 2203 751 2268 precor
773 2182 952 2246 adductum
987 2205 1039 2247 me
1066 2183 1108 2246 ad
1132 2187 1259 2268 patrem
1284 2182 1475 2248 Oswalduru

424 2295 440 2319 “
464 2285 657 2370 Wigornam
701 2286 771 2348 sine
815 2305 906 2348 mora
944 2284 1081 2350 ducatis
1142 2285 1268 2349 Audivi
1313 2284 1475 2370 siquidem

424 2388 559 2450 “istius
594 2386 694 2451 cladis
729 2387 978 2461 immanitatem,
1008 2387 1079 2472 ejus
1111 2387 1236 2450 meritis
1270 2392 1305 2450 et
1328 2387 1477 2470 precibus

258 2507 299 2555 He
312 2503 334 2554 is
424 2490 499 2552 “id
533 2489 595 2553 loci
628 2489 749 2573 ubique
795 2488 968 2554 sedatam.”
1015 2488 1079 2552 His
1113 2487 1217 2552 frater
1247 2488 1317 2573 ejus
1344 2490 1477 2566 auditis,

256 2573 334 2688 {3¹2ssss
347 2638 396 2686 anu
425 2597 540 2678 parato
555 2590 717 2667 vehiculo,
733 2589 868 2655 fratrem
891 2589 1058 2654 infirmum
1081 2589 1273 2676 Wigornam
1296 2591 1476 2670 transtulit,

255 2674 378 2758 recov'ere.
425 2695 538 2778 ibique
561 2699 635 2778 post
658 2693 786 2778 aliquot
808 2692 878 2757 dies
901 2691 1038 2778 depulsa
1059 2693 1150 2756 omni
1173 2693 1340 2779 languoris
1363 2691 1478 2758 moles·

426 2796 475 2859 tia
497 2795 675 2874 convaluit,
701 2817 739 2860 ac
761 2794 912 2880 pluribus
944 2795 1153 2880 postmodum
1188 2795 1282 2860 annis
1306 2795 1479 2860 incolumis

426 2897 521 2960 vixit.
569 2898 616 2961 Ao
651 2917 808 2982 eosquos
831 2897 1025 2982 languentes
1049 2896 1139 2960 domi
1161 2896 1303 2982 reliquit,
1327 2897 1363 2960 in
1386 2897 1479 2962 brevi

426 3023 513 3064 mors
546 2999 636 3066 cita2
658 3001 781 3065 revisit.
828 3000 947 3085 Sicque
982 3000 1038 3085 pia
1060 2999 1123 3064 Dei
1147 3001 1390 3085 dispensatione
1413 3001 1479 3066 fac-

427 3108 500 3167 tum
539 3108 597 3182 est,
632 3107 671 3166 ut
708 3103 765 3186 qui
803 3101 997 3187 suffragium
1036 3101 1132 3166 Beati
1171 3101 1316 3167 Oswaldi
1348 3125 1407 3189 per
1444 3103 1479 3167 id

426 3206 584 3290 temporis
627 3205 836 3289 quaesierunt,
872 3226 969 3289 seque
1013 3203 1103 3267 illius
1142 3203 1278 3268 tuitioni
1316 3225 1479 3269 commen-

427 3307 599 3385 daverunt,
634 3306 677 3371 ab
714 3308 787 3392 ipsa
809 3306 910 3371 *clade
945 3306 1076 3372 liberati
1108 3313 1206 3385 sunt3
1241 3308 1298 3391 qui
1332 3329 1410 3372 vero
1444 3308 1479 3372 id

427 3416 580 3495 expetere
603 3431 669 3474 non
704 3415 911 3486 curaverunt,
936 3415 995 3473 aut
1017 3408 1054 3472 in
1076 3430 1111 3472 se
1128 3414 1194 3473 aut
1216 3408 1252 3472 in
1275 3408 1343 3472 suis
1365 3409 1486 3474 eadcm'

427 3513 519 3579 clade
541 3511 717 3597 poenaliter
739 3511 874 3575 multati
898 3512 972 3575 sint.
1019 3511 1062 3575 In
1084 3533 1149 3596 quo
1172 3510 1376 3576 credentium
1398 3511 1480 3576 fides

427 3614 524 3701 plane
556 3613 713 3698 conjicere
747 3617 864 3699 potest,
889 3634 987 3697 quam
1018 3617 1108 3678 certa
1129 3613 1251 3678 fiducia
1275 3614 1346 3698 ejus
1368 3615 1481 3698 praesi·

428 3717 519 3781 dium
559 3715 656 3780 homo
689 3715 827 3779 interior
849 3719 959 3799 petere
982 3715 1094 3800 possit,
1118 3715 1197 3778 dum
1220 3719 1316 3780 tanta
1339 3713 1481 3780 efficacia

428 3819 498 3904 ejus
521 3818 684 3883 auxilium
707 3817 805 3882 horno
828 3817 972 3880 exterior
995 3837 1142 3902 quaerens
1173 3817 1310 3882 invenit.
1357 3817 1481 3882 Felices

428 3944 504 4008 ergo
551 3925 630 3984 sunt
667 3920 725 4004 qui
773 3919 803 3982 ci
835 3919 1004 3996 assistunt,
1042 3925 1077 3982 et
1114 3920 1172 4003 qui
1218 3920 1288 4004 ejus
1326 3921 1482 4005 obsequio

428 4025 548 4090 devota
563 4027 672 4087 mente
696 4021 855 4086 insistunt
877 4021 947 4084 sine
971 4020 1071 4085 dubio
1093 4021 1202 4086 felices
1226 4027 1311 4085 aunt.
1357 4021 1482 4089 Praesto

427 4128 516 4191 enim
551 4125 676 4190 habent
708 4145 773 4208 quo
805 4123 892 4186 inter
923 4121 1056 4206 laqueos
1079 4123 1160 4188 vitre
1191 4123 1362 4208 praesentis
1396 4124 1483 4189 ince-

429 4229 543 4291 dentes
581 4231 803 4310 protegantur,
841 4229 962 4309 praesto
1006 4223 1131 4288 habent
1176 4246 1241 4309 quo
1288 4228 1481 4291 transcursis

429 4329 554 4413 laqueis
576 4327 656 4411 ipsis
680 4325 864 4390 caelestibus
886 4326 1019 4391 sedibus
1042 4326 1302 4392 introducantur.

261 4449 315 4499 The
477 4433 528 4495 11.
550 4427 626 4492 Jam
649 4448 739 4492 nunc
761 4448 833 4492 mea
855 4427 1093 4513 pollicitatione
1108 4429 1351 4514 quoquomodo
1366 4432 1482 4508 soluta,

261 4516 417 4634 ffiffiom
430 4531 627 4620 promissum
664 4529 764 4594 finem
801 4529 880 4594 ordo
918 4529 1116 4614 expostulat.
1162 4531 1203 4594 In
1237 4553 1303 4617 quo
1337 4553 1391 4597 eos
1425 4535 1483 4618 qui

465 4781 473 4815 ¹
492 4779 560 4848 quc]
581 4795 664 4846 quem,
675 4781 707 4833 B.
945 4779 950 4847 Ι
1014 4779 1025 4812 ⁹
1042 4779 1108 4850 cita]
1129 4779 1187 4842 cito,
1198 4779 1228 4832 B.
