3530 5790
406 871 470 936 354
755 883 953 932 onnonmnn
976 885 1020 931 or
1043 883 1112 931 rau

239 1083 367 1134 Beautiful
409 1077 464 1142 vit.
511 1075 619 1164 Supra
651 1078 772 1142 ostium
807 1078 908 1142 etiam
939 1077 1030 1143 chori
1053 1075 1219 1162 pulpitum
1252 1075 1368 1163 opere¹
1405 1077 1455 1140 in-

238 1149 383 1279 fflffi,
407 1179 628 1265 comparabili,
652 1201 726 1256 aere,
744 1201 825 1244 auro
848 1185 1049 1265 argentoque
1072 1179 1226 1244 fabricari
1249 1179 1445 1256 feritaten

238 1282 320 1346 inger
407 1287 547 1366 utraque
572 1286 664 1367 parte
687 1280 808 1366 pulpiti
831 1303 934 1357 amns
959 1282 1051 1346 etin
1083 1281 1192 1345 medio
1215 1302 1315 1366 supra
1347 1281 1453 1366 pulpi-

239 1349 370 1412 mverley.
408 1387 480 1444 tum
503 1403 615 1446 arcum
639 1375 915 1446 eminentiorem²
949 1403 1077 1447 erucem
1110 1382 1145 1445 in
1169 1383 1362 1447 summitate
1383 1404 1454 1468 ges-

408 1489 545 1561 tantem,
582 1483 735 1548 similiter
772 1505 814 1547 ex
860 1506 933 1559 zore,
975 1506 1064 1560 auro,
1103 1490 1137 1547 et
1174 1491 1321 1570 argento,
1359 1506 1454 1569 opere

241 1593 395 1670 Heseeures
409 1585 612 1651 Theutonioo
635 1584 829 1652 fabrefactos
845 1587 959 1649 erexit.
1006 1585 1135 1650 Feriam
1159 1607 1290 1670 quoque
1312 1606 1455 1648 annuam

240 1659 372 1776 lhffffi
409 1691 444 1753 in
467 1689 645 1753 nativitate
668 1685 805 1753 Saneti³
838 1687 1001 1751 Johannis
1025 1687 1185 1772 Baptistae
1220 1707 1294 1751 cum
1325 1687 1457 1751 liberta·

410 1791 498 1854 tibus
522 1795 556 1854 et
579 1790 712 1874 optimis
735 1788 1028 1853 consuetudinibus
1050 1810 1071 1852 a
1094 1811 1167 1874 rege
1184 1788 1348 1853 Edwanlo
1371 1789 1457 1853 datis

410 1892 465 1955 xii.
490 1891 607 1956 mareis
630 1891 703 1954 auri
726 1891 938 1976 comparavit.

242 2007 358 2060 Reform
455 1993 565 2078 Hujus
588 2013 717 2078 quoque
740 1993 843 2077 patris
859 1991 1023 2057 industria
1037 1991 1141 2056 clerus
1164 1991 1459 2078 archiepiscopatus

242 2077 387 2191 {¹3⁶⁰ssssss
410 2097 461 2160 sui
485 2116 505 2158 a
527 2094 648 2180 populo
683 2115 798 2180 parum
823 2099 959 2158 eatenus
992 2095 1064 2158 vita
1090 2094 1141 2157 vel
1175 2099 1267 2158 vesto
1300 2094 1458 2160 discretus

244 2178 336 2272 cleigy.
410 2197 452 2262 ad
487 2197 687 2262 comestionis
722 2196 801 2260 vitoe
833 2217 978 2258 normam
1004 2201 1038 2258 et
1072 2195 1296 2261 ecclesiastieae
1327 2197 1460 2261 institu-

411 2299 511 2362 tionis
535 2297 742 2383 disciplinam
766 2303 939 2362 revooatus
962 2302 1019 2361 est.

448 2571 451 2577 ·
501 2551 603 2614 anr
626 2567 672 2614 nn
695 2551 922 2626 Anemonem,
947 2566 1077 2613 morem
1100 2567 1146 2613 nn
1171 2549 1404 2614 Nonunns1s⁴

244 2751 375 2816 Thenng·
458 2728 571 2793 Finita
602 2726 803 2790 successione
836 2726 1030 2811 pontificum
1065 2729 1121 2812 qui
1157 2729 1198 2792 de
1233 2729 1367 2792 natione
1395 2729 1463 2792 An-

244 2816 377 2866 ¹⁵⁵h³¹⁰¹¹·
415 2831 541 2895 olorum
565 2829 705 2906 oriundi,
730 2833 805 2914 post
827 2829 970 2913 primum
995 2828 1171 2893 Paulinum
1195 2829 1364 2915 usquead
1388 2830 1465 2894 ulti-

245 2883 374 3064 }slllllne
413 2885 503 2996 inum
520 2931 738 3016 Angligenam
755 2930 860 2994 beatae
884 2931 1048 2994 memoriae
1064 2931 1253 3008 Aldredum,
1270 2931 1465 2998 Eboraoensi

272 3031 360 3064 ormnn

246 3081 321 3146 begin
415 3034 558 3100 ecelesiae
597 3032 819 3118 praefuerunt;
869 3034 1129 3098 commemoratis
1167 3055 1296 3119 quoque
1334 3033 1465 3120 regibus

324 3120 329 3130 ⁸
354 3191 357 3200 Δ
413 3158 553 3222 quorum
586 3135 788 3220 temporibus
826 3134 1016 3200 claruerunt
1049 3158 1070 3200 a
1102 3137 1208 3222 primo
1247 3137 1465 3201 North-hnm-

415 3240 548 3302 brorum
574 3236 764 3301 Christiano
798 3236 938 3301 Edwino
971 3238 1140 3322 usquead
1172 3238 1326 3302 ultimum
1355 3239 1467 3325 Angli-

414 3361 531 3425 genam
571 3361 679 3424 regem
716 3338 912 3414 Haroldnm,
947 3335 1081 3404 tandem
1119 3341 1162 3405 ad
1200 3340 1466 3406 Normannorum

415 3449 563 3526 tempora
585 3441 801 3526 pervenimus.
847 3441 898 3505 De
922 3462 1060 3526 quorum
1083 3442 1230 3506 adventu
1254 3445 1289 3507 in
1312 3443 1468 3530 Angliam

417 3542 567 3628 contigit,
591 3543 687 3626 quod,
711 3543 797 3606 siout
829 3543 865 3605 in
888 3543 1011 3628 Anglia
1033 3543 1095 3607 sub
1126 3543 1351 3610 Normannis⁶
1384 3547 1468 3632 regi-

407 3643 479 3708 ¹bus
502 3645 594 3730 regni
618 3649 725 3707 status
749 3647 898 3706 mutatus
922 3648 981 3720 est,
1005 3645 1051 3708 sio
1074 3645 1135 3708 sub
1159 3644 1358 3711 Normannis
1389 3668 1469 3733 pon-

419 3745 564 3810 tificibus
588 3767 654 3830 pax
689 3743 898 3808 eeclesiarum
922 3745 1060 3831 Angliae,
1084 3752 1221 3811 eatenus
1243 3750 1331 3813 inter
1353 3749 1470 3836 Angli·

418 3869 518 3933 genas
534 3847 706 3932 pontifices
729 3852 868 3924 servata,
885 3868 943 3932 per
965 3849 1053 3933 ipsos
1069 3848 1101 3911 N
1104 3870 1277 3914 ormannos
1300 3851 1469 3936 pontifices

249 3968 394 4030 Thepeaee
419 3958 469 4015 est
503 3951 645 4014 turbata
693 3949 777 4014 Cum
801 3949 890 4012 enim
923 3950 957 4012 in
980 3949 1104 4035 Anglia
1127 3951 1192 4016 duo
1228 3957 1359 4016 tantum
1391 3961 1471 4018 sunt

249 4037 363 4084 between
420 4039 658 4137 metropolitae‚⁰
681 4072 749 4114 non
771 4050 877 4115 solum
913 4057 1086 4136 potestate,
1111 4053 1283 4139 dignitate,
1306 4061 1341 4120 et
1357 4053 1470 4134 officio,

249 4101 293 4150 the
305 4107 355 4150 two

250 4167 393 4282 pappole
419 4154 475 4218 sed
508 4154 609 4218 etiam
654 4151 935 4237 suffraganeorum
979 4175 1115 4219 numero
1147 4175 1250 4240 pares,
1289 4177 1310 4220 a
1347 4156 1471 4223 Sancto

271 4247 301 4282 08
322 4248 405 4282 seems

249 4299 346 4350 broken
356 4315 396 4363 up.
422 4313 1469 4328 ----·--·-·--·-·····-·—··-·—-—·-

452 4406 460 4438 ¹
479 4405 564 4470 opere]
585 4417 717 4467 opereque,
730 4402 765 4450 A,
968 4401 1107 4452 Nor-manni
1119 4403 1307 4465 (Narmannioi,
1327 4404 1356 4456 0.
1372 4407 1405 4456 D.
1418 4407 1473 4472 R),

451 4483 461 4516 ²
477 4480 668 4546 eminentiorem]
700 4479 923 4544 supereminentio-
967 4481 1001 4530 A.
1013 4481 1044 4530 Β.
1058 4482 1087 4532 C.
1100 4481 1132 4530 D.
1145 4481 1175 4531 Ε.
1187 4483 1217 4532 F.
1230 4482 1261 4533 G.

417 4578 478 4626 m,
490 4564 522 4612 A,
1000 4557 1194 4627 ‘Normunniq
1225 4559 1421 4628 Normannibns,
1442 4569 1473 4618 B.

451 4640 580 4705 ³Sanctt]
600 4655 650 4687 om.
663 4639 698 4687 A.
709 4639 741 4688 B.
753 4638 781 4687 F.
796 4639 827 4688 G.
968 4636 1039 4687 OE.

453 4722 463 4752 ⁴
479 4719 648 4769 amandino.
682 4715 732 4766 Hic
754 4714 846 4764 tlninnt
869 4715 924 4764 An·
998 4717 1007 4748 ⁵
1027 4717 1201 4784 metropolim]
1216 4723 1411 4786 metropolitani,
1424 4725 1473 4786 G.;

419 4799 527 4867 gligenae
544 4794 765 4861 amhiepiseopi,et
785 4797 922 4845 sueoednnt
943 4834 946 4854 ,
966 4795 1164 4861 metropolitica,
1177 4799 1207 4850 B.
