3538 5800
437 844 456 903 6
759 860 841 908 vrra
864 859 986 910 sareu
1010 859 1165 909 oswium

437 1069 510 1133 quae
549 1047 704 1114 discenda
742 1047 906 1114 audiebat.
967 1047 1183 1114 Saecularium
1214 1069 1291 1137 ergo
1327 1049 1488 1116 librorum

437 1149 576 1216 scientia
608 1150 652 1215 ad
685 1149 820 1237 plenum
851 1151 1009 1230 imbutus,
1033 1151 1233 1217 Divinarum
1267 1153 1399 1240 paginis
1430 1153 1487 1218 lit

439 1256 585 1316 terarum
608 1251 722 1318 sedula
743 1251 927 1318 intentione
950 1251 1099 1318 animum
1121 1254 1234 1320 tradit.
1281 1254 1334 1318 Ex
1365 1255 1487 1341 quibus

438 1359 551 1420 sancto
573 1355 721 1421 caritatis
742 1355 819 1441 igne
841 1355 879 1420 in
900 1355 1010 1420 Deum
1025 1356 1281 1444 proximumque
1304 1379 1487 1434 succensus,

436 1456 472 1519 in
495 1461 721 1542 contemptum
752 1457 869 1521 mundi
892 1461 984 1522 totus
1006 1458 1166 1544 erigitur;
1197 1463 1232 1524 et
1254 1459 1399 1544 qualiter
1421 1481 1488 1522 ser
1574 1489 1590 1505 ·

435 1559 520 1624 vitio
549 1559 613 1624 Dei
644 1564 825 1624 mereretur
845 1559 935 1624 omni
969 1561 1066 1625 mcdo
1088 1561 1203 1628 ascisci
1235 1561 1375 1647 singulis
1397 1561 1487 1626 horis

439 1663 629 1727 meditatur.

384 1789 390 1802 '
481 1785 510 1847 5.
539 1779 719 1849 Inter'haec
741 1781 949 1848 Wintoniam
970 1803 991 1848 a
1013 1787 1133 1868 patruo
1156 1802 1224 1860 suo,
1247 1804 1485 1869 supra-memo·

332 1939 349 1972 n
436 1889 509 1949 rato
552 1884 677 1950 scilicet
714 1883 854 1970 glorioso
886 1884 1009 1962 Odone,
1045 1883 1209 1970 dirigitur,
1241 1885 1400 1970 quatinus
1438 1884 1486 1948 ibi

302 1989 328 2038 in
439 1986 569 2072 degens,
592 1987 621 2050 si
643 2007 743 2071 quam
765 1985 849 2050 forte
872 1985 908 2048 in
931 1985 1096 2052 canonicis
1111 1985 1200 2050 viam
1216 1985 1298 2050 vitae
1313 1985 1485 2051 imitandae

305 2091 312 2108 ⁹
440 2080 605 2173 reperiret,
630 2088 770 2152 disceret
792 2091 826 2152 et
859 2087 1054 2152 imitaretur.
1102 2087 1191 2168 Quid
1213 2086 1383 2174 amplius?
1429 2087 1486 2154 Fit

436 2189 612 2255 canonicus
646 2189 733 2253 inter
775 2188 946 2255 canonicos
986 2189 1094 2276 ips0s3
1130 2189 1158 2252 si
1185 2189 1347 2274 quaeritur
1378 2189 1485 2274 qualis

435 2292 523 2356 inter
545 2291 681 2376 qualest
712 2289 871 2376 regularis
893 2289 981 2355 inter
1012 2289 1214 2377 irregulares,
1262 2290 1339 2376 Ipse
1361 2291 1485 2356 etenim

435 2415 509 2478 quae
531 2391 700 2456 institutio
729 2391 810 2456 vitae
833 2391 1062 2457 canonicorum
1085 2391 1180 2456 dccet
1204 2395 1239 2455 et
1261 2391 1412 2477 praecipit
1434 2392 1485 2456 in-

439 2494 585 2560 defessus
617 2493 849 2579 exequebatur.
897 2491 954 2556 illi
983 2498 1093 2579 spreta
1125 2493 1337 2558 institutione
1360 2494 1484 2559 ordinis

437 2598 489 2662 sui
533 2597 636 2684 juxta
673 2595 820 2664 cordium
867 2615 1001 2660 suorum
1039 2594 1201 2661 desideria
1237 2595 1484 2682 gradiebantur.

436 2699 535 2765 Unde
573 2698 786 2765 admirandus
824 2697 953 2764 cunctis
991 2697 1126 2764 effectus
1160 2697 1202 2763 ob
1240 2698 1485 2784 plenitudinem

435 2802 552 2887 gratiae
587 2802 659 2880 Dei,
694 2822 769 2885 quae
802 2801 839 2864 in
854 2791 855 2797 '
870 2800 1016 2864 moribus
1048 2800 1119 2886 ejus
1151 2799 1307 2879 enitebat,
1343 2801 1486 2868 decanus

331 2908 337 2920 ’
437 2903 551 2980 factus,
575 2902 761 2966 adolescens
777 2901 980 2987 praeponitur
995 2900 1128 2965 senibus
1142 2925 1150 2982 ;
1173 2903 1331 2986 quatinus
1347 2903 1484 2969 canities

436 3025 550 3068 seusus
587 3003 686 3081 illius,
718 3007 752 3068 et
791 3002 1003 3068 immaculata
1044 3002 1117 3067 vita
1158 3001 1247 3068 illius
1285 3005 1485 3070 maculatam

434 3127 550 3170 senum
580 3105 686 3170 vitam
718 3104 924 3183 emacularet,
958 3125 997 3169 ac
1020 3103 1169 3189 ,pueriles
1204 3126 1318 3170 sensus
1352 3105 1485 3171 illorum

437 3205 547 3272 studio
578 3205 760 3292 disciplinae
792 3205 931 3271 caelestis
964 3211 1151 3271 evacuaret.
1212 3204 1279 3271 Sed
1301 3206 1351 3270 illi
1378 3207 1485 3294 magis

436 3309 575 3394 antiqua
596 3329 708 3394 pravae
743 3307 921 3372 senectutis
943 3306 1064 3372 itinera
1086 3312 1198 3373 tenere
1221 3307 1381 3387 volentes,
1405 3309 1484 3376 licet

434 3433 510 3475 eum
532 3410 656 3474 bonum
678 3409 826 3494 beneque
848 3406 1015 3495 agentem¹
1031 3407 1153 3474 blando
1176 3409 1288 3475 favore
1304 3411 1484 3497 debitoque

433 3513 556 3578 honore
587 3517 831 3590 venerarentur,
866 3517 979 3577 tamen
1002 3511 1097 3576 illum
1135 3513 1228 3578 nullo
1261 3518 1359 3599 pacto
1381 3537 1416 3580 se
1447 3517 1483 3580 in

264 3621 292 3672 Is
305 3615 558 3680 troubledtalibus
580 3615 752 3681 audituros
786 3613 1001 3680 affirmabant.
1046 3614 1094 3679 At
1116 3614 1172 3680 ille
1195 3616 1236 3680 de
1258 3615 1368 3682 laudis
1397 3617 1485 3704 ipso·

263 3689 411 3818 ffitffi'
435 3740 509 3783 rum
541 3716 850 3784 ventositate'nihil
884 3738 1011 3794 curans,
1034 3717 1188 3803 gemebat
1210 3719 1354 3797 cotidie3
1387 3725 1421 3784 et
1443 3727 1484 3786 ut

265 3835 365 3871 amons.
434 3821 498 3886 sibi
536 3820 579 3888 ad
610 3821 751 3886 salutem
784 3841 878 3886 suam
912 3819 1002 3884 Deus
1040 3819 1248 3898 consuleret,2
1285 3821 1483 3907 precabatur

434 3929 530 3991 nocte
552 3945 590 3990 ac
612 3923 674 3988 die.
713 3921 837 3987 Verum
859 3921 917 3986 ubi
933 3921 1109 4008 perpendit
1130 3921 1204 3986 illos
1225 3928 1361 4010 propter
1383 3922 1483 3988 eum³

435 4048 643 4113 nequaquam
677 4024 762 4089 velle
796 4045 817 4088 a
850 4023 955 4088 veteri
977 4023 1050 4087 vita
1082 4024 1257 4103 emendari,
1289 4045 1388 4110 seque
1423 4048 1483 4112 per

435 4133 516 4209 illos,
540 4131 568 4196 si
583 4153 651 4196 non
674 4131 911 4204 absentaretur,
933 4148 954 4192 a
977 4147 1036 4191 suc
1057 4125 1225 4212 proposito
1247 4149 1341 4213 posse
1365 4129 1480 4214 depra-

433 4236 525 4313 vari;
559 4239 669 4319 spreta
705 4253 771 4317 qua
803 4229 996 4316 cingebatur
1029 4249 1149 4314 pompa
1172 4229 1329 4308 saeculari,
1360 4233 1480 4317 spretis

434 4357 563 4422 quoque
586 4334 714 4400 divitiis
730 4353 869 4418 quarum
885 4331 979 4418 copia
992 4332 1208 4412 redundabat,
1225 4333 1412 4421 relictisque
1427 4357 1479 4403 ca-

465 4623 472 4655 ι
492 4619 614 4686 amem]
631 4623 784 4684 operantem,
796 4616 865 4666 AB
976 4603 1183 4730 KQBsecundum
1195 4618 1221 4654 se
1237 4589 1382 4656 consuleret
1399 4607 1478 4670 Deus,
1564 4652 1573 4664 ,

953 4792 955 4801 ·
1009 4759 1019 4793 ³
1031 4767 1138 4826 propter
1149 4761 1216 4828 cum]
1232 4777 1279 4826 pro
1290 4777 1326 4824 ac,
1337 4763 1372 4814 A.
1383 4763 1415 4814 B.

463 4739 473 4772 ²
491 4737 526 4787 ud
536 4735 639 4786 salutem
649 4751 720 4798 mam
732 4735 806 4786 Deua
820 4733 930 4784 carmula-
