3606 5798
557 866 600 918 ro
623 865 796 918 csmxrus
820 867 855 917 11.
879 867 995 920 asour
1017 867 1174 918 russrrr.
1325 849 1391 922 247

334 1057 455 1140 preter
478 1053 671 1120 memoriam
694 1075 762 1121 non
784 1055 948 1122 habuerat
971 1055 1115 1144 episcopi
1138 1055 1303 1124 solatium.
1337 1054 1390 1121 De
1403 1057 1544 1111 neeesse.

336 1177 401 1242 quo
433 1155 585 1244 episcopo
618 1157 796 1238 sciendum,
819 1157 906 1245 quia,
929 1156 1017 1228 sicut
1047 1158 1244 1246 praedictum
1277 1161 1337 1236 est,
1360 1156 1389 1223 si
1401 1131 1533 1258 iffi}

335 1257 548 1343 antiquorum
585 1259 761 1326 Britonum
793 1261 965 1350 episcopus
1000 1266 1060 1341 est,
1083 1263 1265 1328 secundum
1298 1261 1388 1328 beati
1401 1257 1531 1326 Glmgow.
1599 1323 1604 1330 .

336 1359 440 1445 patris
474 1359 624 1448 Gregoiii
658 1362 790 1432 decreta
816 1362 1066 1432 Cantuan'ensis
1097 1364 1241 1432 eoelesise
1271 1363 1387 1430 suffia-

334 1481 460 1547 geneus
482 1466 540 1529 est.
585 1464 682 1547 Quod
704 1467 732 1531 si
755 1465 840 1532 forte
872 1471 1007 1553 propter
1038 1465 1283 1552 provinciarum
1306 1465 1518 1543 vici-whose

337 1564 437 1643 niam,
460 1564 539 1633 licet
572 1573 702 1635 mutato
733 1573 767 1635 et
799 1569 870 1636 loco
893 1575 928 1634 et
961 1567 1084 1656 populo
1106 1569 1195 1636 idem
1219 1569 1387 1636 Pictorum
1398 1547 1539 1665 {Jffl‘g

335 1665 506 1754 episcopus
538 1669 637 1736 debet
670 1671 791 1758 putori,
824 1671 1041 1737 nihilominus
1074 1671 1218 1739 ecclesiae
1242 1670 1512 1740 CentuaBritons

335 1767 435 1833 riensi
480 1770 688 1858 suffragatur,
726 1777 843 1860 utpote
888 1773 1066 1839 institutus
1111 1778 1147 1838 et
1190 1777 1320 1840 creatus
1364 1747 1504 1864 ag‘ffl
1515 1753 1542 1800 ¹⁰

335 1869 506 1937 Theodoro
539 1872 791 1961 archiepiscopo
814 1873 901 1940 sicut
935 1873 1027 1941 Beda
1058 1879 1209 1941 testatur.
1256 1875 1472 1946 vesun-bury.

337 1977 460 2050 tamen,
486 1974 572 2042 sicut
598 1976 635 2042 in
663 1978 766 2064 gestis
800 1981 989 2043 sanctorum
1025 1971 1183 2057 virorum,
1216 1976 1386 2044 Columbee

166 2073 494 2142 11.s.1n4.videlicet
527 2077 712 2164 presbyteri
745 2084 780 2144 et
816 2078 956 2156 abbatie,
990 2078 1057 2165 qui,
1090 2078 1182 2144 Beda
1218 2069 1388 2156 referente,

336 2184 414 2245 ants
444 2179 626 2246 adventum
654 2181 751 2247 Besti
774 2179 955 2268 Augustini
989 2181 1026 2246 in
1057 2179 1234 2248 Britannia
1263 2181 1401 2267 primus

336 2281 524 2349 Scottorum
548 2287 583 2348 et
615 2283 784 2350 Pictorum
816 2283 948 2370 populis
979 2282 1151 2350 Christum
1185 2283 1389 2368 praedicavit,

335 2389 370 2450 et
400 2385 599 2452 venerabilis
634 2385 840 2472 Cantugemi
874 2383 1026 2472 episcopi,
1050 2385 1107 2470 qui
1139 2384 1265 2472 primus
1296 2385 1388 2450 Cles-

335 2486 454 2572 guensi
476 2487 619 2554 ecclesiae
640 2487 787 2575 praefuit,
810 2485 990 2564 invenitur,
1012 2507 1080 2552 non
1105 2485 1168 2552 iste
1191 2491 1242 2552 est
1266 2483 1387 2554 Candi-

336 2589 388 2654 dse
426 2587 520 2655 Casas
555 2590 725 2676 episcopus
774 2611 872 2676 quem
911 2588 1101 2655 Theodorus
1138 2589 1296 2667 instituit,
1331 2590 1388 2656 sed

335 2711 422 2757 unus
460 2691 501 2757 de
538 2693 605 2758 illis
633 2691 782 2778 antiquis
814 2691 1063 2758 Britanniamm
1102 2691 1275 2778 episcopus
1312 2691 1389 2768 fuis,

335 2813 426 2878 quos,
449 2794 537 2861 sicut
562 2813 649 2882 saepe
672 2793 798 2860 dictum
821 2797 879 2871 est,
903 2793 1096 2882 singulatim
1119 2792 1242 2860 Beatus
1266 2793 1387 2882 Grego-

335 2893 405 2961 rius
427 2897 570 2965 ecclcsiae
593 2897 827 2966 Cantuariensi
849 2897 1050 2984 subjugavit.

380 2998 463 3066 Haec
496 3005 547 3066 est
578 2999 682 3088 igitur
705 2999 954 3066 Cantuariensis
976 3003 1011 3064 et
1043 2999 1255 3066 Ebcrecensis
1286 2997 1385 3066 cccle—
1398 3015 1482 3081 Ralph

336 3101 459 3168 sisrum
489 3103 605 3191 priscse
635 3101 881 3169 consuetudinis
904 3101 1081 3180 institutio,
1105 3123 1205 3188 quem
1228 3123 1296 3169 non
1317 3124 1385 3169 mo·
1398 3097 1515 3201 {¹5²5ssssss
1551 3171 1554 3178 ,
1648 3187 1649 3191 Ἰ

336 3209 512 3270 menteneo
540 3209 574 3270 et
604 3224 692 3270 novo
718 3203 796 3280 ritu,
819 3203 882 3268 sed·
910 3225 969 3290 per
994 3202 1254 3290 quadringentos
1278 3209 1313 3270 et
1346 3225 1385 3270 eo

232 3317 236 3325 “
336 3305 478 3394 amplius
500 3327 604 3374 annos
627 3307 757 3373 illibato
779 3327 869 3372 more
891 3310 1079 3372 sanctorum
1111 3313 1245 3393 patrum
1275 3327 1388 3394 accep-

337 3409 432 3490 tavit,
448 3414 484 3476 ct
504 3409 645 3478 facultas
668 3407 868 3475 Christianus
890 3407 1114 3497 simplicitatis
1137 3414 1235 3494 cauta
1257 3409 1389 3496 dispen-

338 3513 432 3580 satio.
478 3512 714 3580 Obestissime
737 3531 825 3598 papa
847 3514 882 3576 et
904 3511 1000 3576 unice
1023 3510 1158 3578 colende
1180 3508 1294 3598 priten!
1325 3511 1390 3580 hoc

338 3621 397 3695 est,
419 3615 482 3682 hoc
503 3619 555 3680 est
586 3613 675 3700 quod
697 3611 837 3699 requirit
858 3610 995 3678 ecclesis
1017 3611 1276 3690 Cantuariensis‚
1300 3614 1389 3700 quod

337 3739 405 3784 non
428 3721 645 3803 extorquetur
678 3714 806 3801 impetu
836 3713 1007 3801 superbis,
1031 3715 1089 3780 sed
1112 3715 1251 3781 debetur
1282 3714 1388 3782 officio

338 3819 603 3889 Christianitatis
635 3821 670 3884 et
700 3816 907 3886 obedientiae.
968 3813 1132 3902 Equidem
1158 3816 1304 3902 justitiis
1334 3817 1387 3883 fas

337 3928 389 3992 est
425 3943 492 3989 non
529 3921 627 4009 culpa
663 3919 881 3988 vehementiae
918 3918 1102 3986 secerdotes
1139 3937 1207 3984 non
1244 3919 1389 4004 segniter

336 4027 506 4094 vindicare
544 4021 701 4110 quicquid
739 4020 882 4088 ccclesias
929 4039 998 4086 susc
1042 4019 1198 4106 postulat,
1237 4023 1272 4086 et
1308 4041 1388 4086 usus

337 4128 512 4218 libertatis,
538 4133 573 4194 et
594 4125 806 4213 privilegium
828 4122 953 4210 gratias.
999 4121 1099 4187 Unde
1121 4126 1156 4187 et
1178 4121 1387 4210 Augustinus

207 4257 229 4290 w
337 4233 381 4299 sd
404 4229 664 4317 Simplicium,
687 4227 771 4292 libro
793 4226 921 4312 primo:
953 4233 1024 4303 Quis
1053 4250 1113 4288 non
1136 4231 1244 4300 videat,
1267 4225 1388 4310 inquit,

338 4330 502 4404 iniqnitatis
539 4327 686 4384 neminem
720 4325 814 4396 argui¹
838 4341 921 4396 posse
959 4323 1009 4395 qui
1050 4323 1127 4394 quod
1166 4322 1222 4378 sibi
1268 4323 1388 4380 debetur

337 4419 475 4493 eregerit,
498 4435 553 4476 neo
583 4433 650 4474 cum
672 4419 760 4482 certe,
784 4413 835 4487 qui
857 4413 935 4486 qnod
958 4413 986 4468 ei
1018 4412 1138 4468 debetur
1168 4411 1276 4470 donare
1301 4414 1387 4470 nolu·

337 4511 402 4566 erit.
459 4499 504 4564 Et
525 4499 609 4584 quis,
631 4497 777 4583 inquam,
799 4515 854 4560 ore
877 4493 986 4560 sobrio
1008 4493 1180 4558 dominum
1203 4492 1385 4560 Eboracen-

337 4625 406 4670 sem
429 4599 656 4689 reprehendet,
679 4599 773 4685 qussi
795 4603 939 4684 acceptes
972 4585 1172 4662 dalsmitetis
1205 4583 1386 4664 et'c'ontu·

336 4707 452 4785 melis,
475 4705 503 4772 si
537 4703 652 4792 primae
674 4703 744 4768 sedi
776 4705 811 4767 st
836 4705 959 4766 sanctae
990 4698 1223 4766 Cantuerisnsi
1245 4699 1388 4768 ecclesie
