3454 5816
500 1257 639 1324 Eboraci
663 1258 781 1324 civitas
805 1280 940 1344 percos
963 1265 1125 1338 vastatur,

499 1360 627 1426 Ibidem
651 1365 685 1424 et
706 1359 787 1437 alibi
811 1361 909 1426 turba
931 1361 1148 1427 conculcatur.

448 1465 451 1472 '
499 1462 645 1528 Wlferus
667 1485 726 1548 pro
750 1468 897 1547 ternpore
919 1461 1033 1548 pulsus
1056 1467 1107 1528 est
1129 1484 1150 1528 a
1173 1461 1256 1537 sede,
1471 1459 1542 1520 155

500 1565 566 1629 Sed
588 1564 675 1629 redit
696 1564 740 1628 ad
763 1563 953 1630 cathedram
972 1565 1043 1650 jam
1068 1564 1164 1628 finita
1186 1563 1280 1628 crede.
1388 1619 1393 1626 .

500 1667 595 1734 Obiit
616 1689 637 1732 a
659 1666 779 1732 saeculo
801 1665 923 1752 praesul
946 1667 1149 1752 praelibatus,

500 1770 718 1855 Quadrageno
741 1769 884 1854 septimo
906 1789 994 1834 anno
1016 1769 1225 1855 praesulatus.

287 1872 429 1924 Ethelbnlu.
498 1871 719 1936 Athelbaldus
741 1877 856 1956 postea
878 1871 999 1956 praesul
1022 1876 1239 1948 consecratur,
1398 1869 1485 1932 xiii.

500 1974 618 2040 Sedem
641 1995 758 2058 regens
780 1973 880 2058 pallio
904 1973 1024 2059 dignus
1047 1973 1237 2039 honoratur.
1463 1973 1537 2036 160

500 2078 544 2140 Et
565 2081 742 2161 postquam
765 2073 954 2160 acceperat¹
978 2075 1116 2160 pallium
1140 2074 1283 2150 honoris,

499 2179 589 2244 Mors
612 2177 810 2243 concludens
833 2178 945 2242 omnia
968 2177 1027 2242 dat
1049 2178 1150 2244 finem
1172 2177 1302 2242 laboris.

286 2285 434 2336 Locewaru.
500 2281 680 2346 Lodeward
703 2281 739 2344 in
761 2279 953 2346 cathedram
975 2285 1090 2366 postea
1111 2280 1294 2357 succedens,
1378 2278 1479 2342 xiiii.

501 2383 625 2449 Praesul
647 2382 942 2468 quartusdecimus,
965 2381 1044 2446 hine
1067 2381 1199 2446 demum
1222 2381 1375 2446 recedens
1388 2380 1424 2444 :2'

287 2484 394 2566 osuitel.
500 2485 687 2552 Oskitellus
709 2485 835 2571 apicem
858 2485 947 2570 cepit
970 2484 1178 2570 praesulatim,
1334 2506 1388 2550 xv.
1454 2485 1523 2547 165

500 2589 545 2652 Et
566 2593 642 2674 post
663 2608 767 2652 annos
790 2585 957 2654 sedecim³
986 2587 1026 2651 fit
1049 2587 1175 2652 mundo
1198 2584 1358 2651 sublatus.

287 2699 430 2750 athelbald.
499 2689 716 2755 Ethelbaldus
739 2689 906 2754 cathedrae
928 2693 1045 2774 postea
1067 2689 1233 2766 successit,
1391 2687 1471 2752 xvi.

500 2792 566 2856 Sed
588 2813 667 2856 mox
690 2790 781 2856 illam
804 2791 901 2856 alteri
924 2791 981 2856 ille
1003 2793 1121 2878 sponte
1144 2791 1249 2857 cessit.

289 2896 399 2947 oswald
501 2895 674 2960 Oswaldus
697 2895 733 2958 in
755 2895 882 2980 apicem
905 2894 1012 2980 ipsam
1034 2894 1138 2959 tunc*
1160 2893 1311 2971 intravit,
1380 2893 1470 2958 xvii.

501 2997 639 3062 Romam
663 2997 736 3077 ivit,
759 2995 897 3081 pellium
920 2995 991 3060 illic
1012 2995 1215 3082 impetravit.
1447 2993 1519 3060 170

500 3099 566 3164 Hie
587 3098 749 3164 instinctu
773 3097 909 3163 Domini
932 3098 974 3162 de
997 3102 1087 3162 terra
1101 3097 1231 3162 levavit

498 3199 645 3264 Wilfridi
667 3199 867 3264 sanctissimi
891 3221 1016 3286 corpus,
1040 3205 1075 3264 et
1096 3201 1220 3266 locavit

499 3300 541 3365 ln
563 3301 740 3387 capsellam
756 3300 936 3387 ,ligneam
958 3322 1058 3388 cupro
1082 3302 1240 3368 deaurato

498 3402 613 3466 Insui
636 3403 826 3468 memoriam
849 3403 920 3469 loco
942 3407 1135 3489 praenotato.

498 3505 564 3570 Hic
587 3504 761 3570 Oswoldus
784 3505 868 3570 obiit
891 3505 1011 3593 dignus
1034 3510 1069 3570 et
1091 3506 1216 3584 beatus,
1444 3503 1513 3572 175

501 3607 658 3693 Sepultus
674 3607 853 3693 Wigomiae
877 3607 917 3672 fit
938 3607 1148 3694 glorificatus.

497 3709 589 3774 Auro
611 3709 705 3794 cujus
728 3707 836 3772 infula
858 3713 894 3773 et
914 3708 1054 3795 gemmis
1079 3713 1197 3773 ornata

497 3811 665 3876 Beverlaci
687 3815 835 3876 remanet
857 3810 956 3896 digne
978 3815 1150 3875 reservata

497 3911 590 3977 Tunc
612 3911 790 3998 Adulphus
813 3911 962 3998 regimen
984 3913 1074 3997 cepit
1097 3933 1172 3977 cum
1195 3911 1332 3988 honore,
1371 3909 1466 3976 xviii.

499 4015 543 4079 Et
564 4013 677 4100 regit⁰
699 4013 856 4079 nobiliter
879 4035 954 4080 cum
977 4014 1041 4079 Dei
1064 4015 1190 4080 timore.
1445 4016 1513 4078 180

497 4117 563 4182 Hie
586 4115 732 4182 Oswoldi
754 4116 902 4202 praesulis
926 4138 999 4183 ossa
1020 4117 1217 4197 sublevavit,

498 4220 542 4284 Et
564 4219 600 4283 in
623 4240 749 4284 novum
772 4219 929 4286 scrinium
953 4219 1006 4305 pie
1029 4219 1212 4286 collocavit.

457 4349 701 4358 ——......„....-—
711 4349 721 4354 -
735 4349 780 4355 -....
787 4349 832 4355 ..-...
840 4349 871 4355 —
878 4350 884 4355 .
890 4348 1111 4356 -..—.----—-—
1119 4350 1150 4354 --
1157 4349 1172 4354 .-.
1179 4348 1227 4354 -η-
1290 4348 1307 4352 --
1318 4346 1504 4356 —-.———

1649 231 1652 304 l

456 854 520 922 474
704 869 867 918 rsornnu
892 867 1063 918 uerrucis
1087 867 1282 917 canonicae

286 1073 441 1124 'rhenanae
500 1054 595 1120 illius
618 1054 822 1140 temporibus
844 1075 963 1120 manus
985 1054 1119 1119 infinita

499 1157 718 1222 llarbarorum
741 1156 900 1241 plurimos
923 1157 1142 1242 privaverunt
1163 1157 1242 1221 vita

1685 4105 1686 4140 l

1685 4189 1686 4266 l

1685 4399 1686 4450 l

489 4398 497 4431 ¹
514 4397 658 4462 occeperat]
678 4404 816 4460 receperat,
828 4395 862 4446 A.
1038 4397 1047 4428 ⁴
1068 4397 1139 4461 irrue]
1160 4411 1210 4445 om.
1222 4395 1279 4446 MS.

489 4477 551 4525 21n
573 4492 651 4540 uturp.
671 4475 804 4526 Omittitur
821 4475 864 4525 hie
882 4476 954 4524 Wul-
1036 4476 1046 4508 ⁵
1065 4475 1184 4542 liquorum]
1206 4474 1301 4525 scilicet
1319 4474 1345 4524 iu
1364 4475 1459 4539 Ripun‚
1480 4475 1509 4524 ia

454 4565 540 4608 stanna
563 4557 665 4607 Primus
687 4556 730 4621 qui
753 4558 819 4606 male
836 4555 954 4606 inseritur
1004 4570 1081 4621 uturp.
1095 4555 1160 4605 MS.

454 4634 549 4699 pagina
559 4642 686 4697 sequente.
1037 4634 1048 4665 Β
1065 4634 1144 4699 repit]
1163 4633 1237 4696 rexit,
1250 4635 1284 4684 A.
1359 4659 1364 4662 ·

487 4713 497 4746 ³
509 4712 625 4778 sedecim]
637 4714 771 4764 siemundo
780 4713 887 4776 oblatus,
896 4712 953 4764 MS.
1685 4733 1686 4736 ’
