3586 5802
427 850 494 914 220
562 861 713 912 nrsronr
736 859 779 911 os
803 859 897 911 rona
918 857 1157 911 sncserssors
1180 858 1224 908 or
1247 857 1344 909 roas

427 1051 552 1129 dantes,
574 1073 618 1118 ne
640 1051 807 1120 defirnctis
828 1051 1050 1118 succensendo
1072 1051 1306 1136 improperent,
1322 1071 1377 1116 eos
1400 1071 1479 1116 vero

427 1156 484 1240 qni
514 1153 711 1220 restiterunt
741 1153 918 1220 imitentur
952 1157 987 1219 et
1019 1153 1166 1220 laudent.
1211 1151 1291 1218 Post
1322 1152 1478 1239 epistolas

426 1256 522 1322 Beati
547 1255 706 1344 Gregorii,
739 1260 774 1321 et
799 1255 930 1322 Urbani
962 1277 1057 1342 pepae
1087 1255 1363 1342 redargutionem,
1386 1277 1478 1320 reve·

425 1357 601 1423 rendorum
624 1363 758 1444 patrum
791 1355 967 1434 Paschalis,
992 1357 1115 1422 Gelasii
1149 1361 1185 1422 et
1210 1356 1336 1423 Oalixti
1368 1356 1478 1443 prohi-

425 1459 563 1526 bitorias
606 1459 647 1524 de
689 1459 852 1546 exigendo
890 1459 1111 1546 privilegium,
1154 1480 1295 1544 quarum
1332 1459 1478 1546 legentes

425 1567 522 1628 tanto
543 1562 679 1649 gravim
702 1565 826 1646 quanto
853 1581 921 1626 non
944 1561 1121 1630 inscienter
1146 1561 1355 1647 praevaricari
1382 1563 1478 1628 time·

425 1670 494 1741 ant,
517 1664 562 1729 sit
585 1659 687 1729 etiam
710 1662 777 1728 illis
801 1662 1053 1730 confortationis
1079 1668 1115 1729 et
1136 1663 1260 1750 vigoris
1288 1664 1478 1749 exemplum

425 1765 514 1852 quod
552 1765 757 1850 lurptinus]
795 1764 1059 1852 archiepiscopus
1093 1785 1153 1851 pro
1185 1765 1412 1852 persecutione
1443 1772 1478 1831 et

425 1866 528 1934 exilio
550 1887 611 1932 suo
633 1888 693 1953 per
715 1865 900 1932 Romanam
923 1871 958 1932 et
974 1862 1181 1933 Gallicanam
1204 1866 1373 1933 ecclesiam
1387 1869 1475 1954 apud

425 1967 624 2034 omnimodae
647 1967 824 2054 dignitatis
846 1989 1003 2053 personas
1026 1969 1132 2056 magis
1155 1973 1254 2034 notus
1277 1975 1312 2035 et
1339 1969 1478 2035 dilectus

426 2076 461 2136 ct
483 2069 641 2137 celebrior
662 2069 773 2135 iactus
795 2073 855 2146 cst,
885 2069 968 2135 adeo
991 2071 1080 2155 quod
1103 2070 1221 2136 melius
1252 2070 1303 2134 illi
1326 2071 1395 2136 luit
1407 2094 1415 2150 ;
1445 2077 1480 2137 et

427 2174 497 2259 ipse
520 2171 608 2257 quod
641 2171 816 2235 restitutus
850 2171 971 2237 maluit
992 2179 1027 2237 et
1057 2172 1122 2237 sibi
1146 2173 1348 2238 commodius
1381 2195 1478 2260 repu-

427 2273 517 2340 tavit
538 2277 671 2338 tantum
693 2271 851 2349 exulasse,
877 2293 976 2358 quam
998 2275 1035 2338 in
1058 2273 1192 2340 ecclesia
1217 2295 1277 2338 sua
1300 2295 1375 2340 cum
1399 2297 1478 2361 pace

255 2379 382 2431 rheuma
429 2381 464 2441 et
500 2374 612 2460 quiete
644 2374 774 2459 integra
812 2373 1028 2458 permansisse
1062 2395 1166 2459 usque
1204 2374 1248 2440 ad
1278 2395 1403 2440 annum
1434 2378 1478 2443 ab

255 2448 410 2563 ssffiffi
429 2475 571 2541 introitu
593 2475 665 2561 ejus
686 2476 723 2539 in
747 2475 1065 2560 archiepiscopatum
1098 2476 1261 2542 decimum
1287 2478 1434 2556 tertium,
1456 2501 1478 2545 a

256 2577 390 2638 rivensis
428 2577 670 2645 consecratione
693 2597 771 2642 vero
793 2577 885 2641 illius
908 2582 1070 2642 octavum.
1117 2577 1200 2644 Haec
1219 2577 1268 2644 ita
1282 2583 1377 2664 gesta
1399 2586 1479 2646 sunt

255 2653 408 2762 ffllm'
429 2680 575 2765 quinque
596 2679 693 2744 annis
715 2683 750 2743 et
772 2678 901 2744 duobus
924 2677 1100 2744 mensibus.
1149 2679 1248 2745 Modo
1270 2681 1358 2758 exul,
1381 2682 1478 2748 modo

257 2781 381 2828 1114-27.
428 2781 464 2845 in
487 2781 596 2868 patria
617 2781 688 2845 sine
714 2779 957 2846 consecratione
979 2779 1055 2858 fuit,
1076 2786 1211 2867 propter
1243 2781 1479 2868 impedimenta

426 2882 577 2969 superius
600 2881 809 2966 descriptae
831 2882 1074 2947 consecratione
1097 2881 1188 2948 illius
1211 2885 1373 2969 usquead
1395 2907 1478 2972 prae-

424 2985 534 3050 fatum
558 2983 807 3050 Cantuariensis
829 2983 932 3069 legati
956 2983 1141 3050 Concilium
1168 3005 1273 3050 annos
1295 2991 1421 3072 septem
1443 2993 1479 3053 et

426 3108 553 3152 menses
576 3085 645 3151 fere
667 3085 816 3150 totidem.
862 3084 976 3150 Potest
1007 3091 1119 3150 autem
1146 3085 1325 3172 incongrue
1347 3087 1479 3156 libellus

426 3191 489 3256 iste
505 3186 746 3275 quodammodo
769 3186 908 3252 libertus
931 3186 1106 3264 intitulari,
1123 3187 1197 3254 ideo
1220 3190 1310 3274 quod
1332 3193 1480 3259 ostendit

426 3291 570 3378 qualiter
592 3289 727 3357 ecclesia
748 3293 861 3354 nostra
878 3311 938 3376 per
960 3289 1193 3377 Tur[stinum]‚
1210 3292 1356 3379 ejusdem
1378 3296 1478 3362 ecole-

426 3395 484 3459 siae
517 3396 674 3478 quartum
707 3413 750 3456 ex
784 3390 997 3477 Francigenis
1028 3391 1319 3481 archiepiscopum,
1345 3417 1366 3461 a
1395 3397 1478 3485 jugo

425 3491 637 3581 professionis
660 3491 787 3558 illicitae
809 3491 853 3556 ad
876 3492 1051 3577 pristinam
1074 3493 1272 3574 libertatern,
1288 3496 1359 3563 Deo
1381 3501 1478 3564 euxi-

424 3598 535 3674 liante,
552 3609 707 3661 revocate
722 3594 774 3659 sit.
823 3592 961 3674 Quaem
976 3593 1180 3662 audicimus
1201 3604 1231 3662 ct
1253 3599 1477 3684 comtemptus,
1489 3608 1533 3660 Pe.
1544 3607 1632 3660 lxxvii

425 3722 464 3766 oo
483 3705 599 3785 potres
620 3695 733 3763 nostri
747 3703 981 3761 narraverant
1003 3696 1109 3776 nobis,
1123 3698 1202 3784 filii
1217 3700 1280 3787 qni
1294 3681 1516 3771 annotat&
1528 3681 1551 3727 ⁶·

425 3807 454 3868 ot
478 3805 639 3886 corpote
661 3805 690 3863 ct
712 3797 913 3863 corroboret
926 3797 1021 3882 filiis
1043 3799 1126 3865 soie.

472 3902 526 3970 l'u
548 3907 674 3978 ouum,
697 3898 853 3977 Domino,
875 3897 1033 3967 miserere
1055 3901 1194 3969 nostri!

455 4250 652 4320 Annrrrors
674 4270 717 4320 ro
739 4269 809 4320 rna
832 4252 938 4319 Lrvas
961 4269 1007 4318 sr
1030 4253 1141 4322 Hnon
1164 4270 1234 4320 rna
1257 4252 1438 4321 Onerron.

258 4426 343 4502 neate
354 4425 384 4477 of
471 4416 570 4480 Anno
596 4427 637 4479 Μο
658 4427 710 4482 0²¹⁰
743 4416 799 4494 xl0,
832 4420 867 4482 et
896 4415 971 4481 viii⁰
1012 4415 1088 4482 idus
1119 4415 1303 4497 Februarii,
1340 4439 1477 4484 venera-

257 4495 368 4610 fffim
425 4515 504 4582 bilis
533 4517 699 4583 memoriae
731 4517 808 4582 Tur'
843 4518 1057 4587 Eboracensis
1090 4519 1363 4608 archiepiscopus,
1386 4521 1478 4586 senio

426 4617 601 4696 confectus,
624 4639 756 4684 cursum
778 4619 952 4686 victoriose
974 4622 1223 4688 consummavit

472 4719 571 4786 Anno
601 4724 715 4787 autem
747 4721 790 4788 ab
813 4721 1046 4790 Incamatione
1076 4723 1213 4790 Domini
1246 4725 1477 4810 mex1i⁰‚p0st
