3582 5798
426 879 469 946 90
747 891 829 940 vrrs
852 889 974 941 ssucrr
997 889 1150 940 oswium

256 1083 391 1164 Osqudir
424 1075 533 1162 tisque
554 1077 655 1164 gestis
678 1098 720 1141 ex
743 1077 864 1155 ordine,
888 1077 924 1140 in
947 1077 1060 1142 eodem
1090 1077 1160 1143 loco
1189 1075 1327 1142 visionis
1350 1076 1473 1142 Beatus

255 1153 388 1282 {ffiff
426 1177 599 1244 Oswaldus
630 1178 775 1244 traditur
807 1177 986 1264 sepulturae
1016 1178 1122 1266 pridie
1153 1178 1315 1244 kalendas
1349 1177 1473 1255 Martii,

232 1276 354 1336 'Mania
423 1281 636 1368 pontificatus
658 1283 710 1347 sui
740 1281 906 1347 tricesimo
928 1286 963 1346 et
992 1302 1030 1346 eo
1053 1281 1196 1368 amplius
1225 1302 1320 1346 anno.
1368 1279 1474 1346 Nobis

422 1388 534 1449 autem
557 1384 616 1469 qui
637 1375 866 1470 relinquimurg
887 1383 945 1468 qui
975 1383 1099 1448 residui
1128 1404 1250 1460 sumus,
1273 1382 1336 1448 etsi
1358 1381 1475 1446 fletum

423 1490 576 1572 suggeret
606 1485 772 1562 desolatio,
795 1483 894 1548 debet
927 1488 1040 1549 tamen
1061 1483 1169 1548 zelum
1199 1488 1382 1570 temperare
1414 1481 1474 1548 sci-

423 1587 522 1664 entia,
544 1587 689 1654 dolorem
711 1585 890 1653 consolatio
912 1586 983 1672 spei
1005 1585 1152 1652 delinire.
1197 1584 1364 1650 Praevenit
1386 1583 1475 1649 enim

423 1712 482 1756 nos
504 1689 547 1755 ad
570 1689 703 1755 Patrem
724 1688 904 1775 spirituum
933 1687 1070 1774 spiritus
1092 1687 1196 1774 patris
1227 1687 1341 1766 nostri,
1363 1691 1474 1774 patro

423 1814 485 1858 nus
522 1797 647 1880 potens,
685 1792 825 1857 devotus
863 1791 1064 1868 intercessor,
1101 1789 1195 1875 cujus
1231 1788 1475 1855 ferventissima

423 1896 542 1962 caritas
557 1893 707 1960 oblivisci
722 1897 866 1978 nequeat
888 1891 1039 1959 filiorum.
1085 1893 1207 1958 Faetus
1221 1892 1311 1958 enim
1333 1892 1475 1958 conviva

424 1997 562 2064 caelestis
584 2017 714 2083 pascuae
735 2016 805 2061 non
821 1995 894 2080 jam
916 1996 953 2059 in
984 1995 1159 2081 participio
1180 1994 1239 2060 sed
1260 1995 1297 2060 in
1329 1994 1475 2081 plenitu-

425 2099 501 2163 dine
523 2097 695 2163 ambulans
718 2097 904 2163 refectionis
927 2097 1114 2162 orationum
1140 2097 1302 2162 instantia
1323 2117 1390 2161 non
1420 2096 1476 2161 de·

424 2203 511 2266 sinet
532 2219 704 2286 procurare
726 2199 822 2265 nobis
837 2200 880 2264 ad
894 2199 1160 2264 manducandum
1182 2219 1301 2285 panem
1323 2198 1475 2265 filiorum.

426 2301 499 2368 Hoc
520 2301 637 2388 utique
658 2302 753 2368 nobis
775 2301 812 2372 in
834 2306 940 2366 morte
962 2302 1066 2387 ipsius
1088 2300 1317 2366 confirmatum
1338 2305 1389 2366 est
1410 2305 1478 2366 tes-

425 2409 618 2482 tamentum,
640 2425 715 2470 cum
737 2404 846 2470 locum
875 2408 1026 2468 nostrum
1048 2403 1154 2469 beatae
1176 2404 1292 2468 mortis
1315 2402 1387 2489 ejus
1417 2403 1476 2468 ho-

426 2528 542 2572 norare
578 2505 754 2592 prasentia
791 2505 947 2591 dignatus
981 2509 1040 2585 est,
1072 2509 1108 2570 et
1138 2504 1373 2590 pretiosissimo
1407 2525 1475 2570 cor·

425 2609 513 2696 poris
546 2607 745 2694 locupletare
771 2607 935 2672 thesauro.
990 2606 1088 2672 Unde
1119 2627 1283 2674 semesum
1313 2605 1473 2672 habemus

422 2714 464 2778 ad
502 2711 589 2776 Eum
625 2709 694 2792 Qut
731 2710 778 2775 sic
815 2707 1050 2796 muyoificuuit
1080 2709 1193 2795 fucere
1223 2708 1406 2787 uobiscum¹
1438 2715 1472 2776 et
1484 2733 1648 2786 Pennus.

423 2815 578 2880 fiduciam
601 2814 637 2878 in
660 2811 803 2878 Domino
826 2812 892 2892 Qui
914 2809 1074 2878 retribuit
1104 2810 1322 2877 abundanter
1336 2811 1647 2898 sociere-1³⁸,m2q

423 2916 514 2982 tibus
548 2915 724 3000 justitiam,
763 2913 851 3000 quod
888 2912 959 3000 ejus
997 2911 1192 2979 conciliante
1228 2913 1338 3000 gratia
1374 2935 1471 2999 quem

423 3017 599 3083 habuimus
621 3021 758 3102 patrem,
779 3015 972 3080 habebimus
992 3019 1027 3079 et
1049 3015 1175 3104 ducem,
1193 3037 1268 3081 cum
1291 3037 1329 3081 eo
1351 3017 1476 3102 pariter

425 3119 594 3207 regnaturi
616 3141 675 3204 per
696 3118 809 3184 omnia
830 3117 952 3183 eaecula
972 3116 1175 3183 saeculorum.
1220 3116 1336 3183 Amen.

457 3372 505 3438 De
526 3369 708 3436 miraculis
730 3391 805 3456 qooe
822 3375 899 3454 poet
920 3374 1062 3434 mortem
1083 3363 1185 3432 illius
1203 3388 1270 3454 pro
1291 3389 1327 3434 cc
1349 3366 1442 3435 Deus

808 3477 965 3557 θροναίτω
986 3477 1040 3536 cst.

469 3620 561 3686 Finis
583 3617 689 3706 operis
712 3623 784 3684 erat
805 3617 878 3683 vita
899 3617 1031 3702 patroni
1052 3617 1157 3682 nostri
1184 3617 1377 3685 abscondita
1398 3639 1472 3685 cum
1485 3631 1542 3683 σοι.
1553 3630 1589 3683 iii.
1602 3637 1627 3685 a.

425 3723 558 3790 Christo
588 3721 625 3786 in
647 3721 799 3798 Domino,
820 3720 886 3812 nisi
916 3741 992 3786 eum
1023 3720 1119 3786 uobis
1149 3721 1292 3806 quodam
1325 3722 1475 3788 redivivo

424 3829 589 3894 virtutum
611 3825 757 3913 germine
771 3844 793 3888 a
813 3822 940 3908 superis
953 3823 1140 3888 reduxuset
1160 3825 1271 3911 gratia
1284 3825 1475 3903 sanitatum,

424 3929 610 4016 frequentia
631 3925 871 3993 miraculorum.
918 3925 1036 4011 Neque
1065 3926 1154 3991 enim
1175 3927 1357 3994 recolebam
1387 3929 1476 4014 quod

425 4034 548 4122 legitur
581 4053 657 4098 cum
688 4031 935 4096 consummatus
968 4027 1073 4093 luerit
1103 4028 1211 4106 bomo,
1234 4034 1315 4096 tunc
1346 4031 1474 4116 incipit.
1780 4045 1781 4052 ³

426 4135 682 4202 Consummatus
709 4131 797 4198 enim
823 4131 860 4195 in
881 4129 976 4195 brevi
1007 4130 1131 4196 Beatus
1153 4129 1347 4219 [Oswaldua
1370 4133 1475 4199 intro·

425 4258 555 4326 gressus
578 4241 628 4301 est
649 4233 838 4301 cubiculum
862 4231 983 4318 Sponsi
1005 4237 1041 4296 et
1063 4231 1208 4319 Sponsae,
1233 4254 1377 4319 pausans
1399 4255 1475 4301 cum

425 4339 540 4425 Moyse
562 4337 598 4400 in
620 4341 741 4412 monte,
761 4355 836 4400 cum
859 4332 1012 4399 Samuele
1034 4333 1071 4397 in
1092 4333 1224 4420 templo,
1247 4333 1306 4399 ubi
1330 4335 1476 4422 Sponsus

426 4440 574 4527 loquitur
596 4442 630 4501 et
659 4437 755 4502 audit
785 4436 911 4500 amicus
934 4435 1065 4522 sponsi,
1087 4433 1237 4501 Dilectus
1259 4457 1354 4504 caece
1377 4437 1646 4516 militensem.
1712 4469 1715 4474 ·

426 4549 455 4609 et
478 4565 533 4628 eqo
564 4538 630 4604 illi.
677 4539 721 4603 Et
754 4543 866 4603 tamen
897 4538 985 4604 inter
1018 4535 1153 4604 brachia
1176 4537 1295 4626 Sponsi
1330 4542 1476 4607 suaviter

426 4644 603 4730 quiescens,
625 4638 795 4705 nobiscum
817 4639 960 4704 virtutes
989 4639 1158 4727 signorum
1180 4641 1307 4726 operari
1330 4663 1398 4707 non
1420 4641 1476 4709 de-

427 4746 516 4828 sinit,
539 4764 606 4808 non
625 4741 695 4828 jam
718 4741 795 4828 ipse,
818 4739 875 4806 sed
901 4741 1009 4828 gratia
1031 4741 1093 4807 Dei
1117 4762 1194 4808 oum
1216 4763 1261 4808 eo.
1308 4741 1475 4813 Nimirum
