3606 5798
637 899 857 951 nneumsuoe
881 903 1015 952 senona.
1289 894 1350 958 311

300 1089 406 1155 bitate
443 1111 571 1156 molum
609 1092 713 1179 ipsius
745 1095 840 1180 regis,
878 1095 1048 1180 respondit
1086 1095 1262 1181 praedietus
1301 1098 1354 1162 vir

301 1194 431 1258 cuidam
456 1197 617 1282 amnigero
639 1203 756 1262 vocato
783 1198 917 1262 Thomae
941 1199 1156 1284 Maydestone
1180 1201 1216 1264 in
1238 1201 1350 1266 eadem

302 1317 415 1361 mensa
437 1303 517 1364 tune
540 1299 686 1365 sedenti:
721 1299 783 1364 “Si
807 1299 909 1365 fuerit
929 1303 982 1364 vir
1004 1302 1118 1379 bonus,
1133 1303 1229 1367 novit
1244 1302 1481 1382 Deus3Astonn

302 1407 318 1432 ‘¹
343 1399 399 1462 sed
426 1399 488 1465 hoe
511 1401 679 1466 verissime
701 1401 778 1478 seio,
801 1403 888 1488 quod
915 1425 989 1467 cum
1016 1425 1037 1468 a
1059 1403 1352 1470 westmonasterio
1365 1397 1438 1498 ζῖῗῇξ

303 1509 320 1536 “
342 1525 458 1590 eorpus
491 1505 561 1590 ejus
593 1527 707 1570 versus
743 1506 957 1572 Oantuariam
992 1508 1027 1572 in
1062 1531 1164 1594 parva
1198 1510 1353 1576 navicula
1367 1517 1478 1580 Henry's

302 1614 320 1639 “
341 1611 538 1693 portaretur,
560 1608 682 1673 ibidem
705 1609 937 1695 sepeliendum,
962 1633 1022 1697 ego
1044 1611 1096 1674 fui
1119 1633 1206 1677 unus
1229 1613 1269 1676 de
1293 1613 1350 1676 tri-
1365 1583 1509 1714 ffiffiy

304 1717 320 1742 “
342 1711 404 1774 bus
426 1711 573 1795 personis
596 1711 653 1797 qui
676 1712 885 1797 projecerunt
906 1731 1023 1797 eorpus
1055 1713 1160 1798 ipsius
1194 1713 1230 1776 in
1261 1735 1351 1778 mare
1365 1723 1479 1804 paterto

303 1821 319 1846 “
343 1812 430 1876 inter
452 1811 656 1899 Berkingum
687 1819 721 1878 et
756 1814 992 1880 Gravesende.'’
1038 1814 1083 1879 Et
1114 1815 1245 1881 addidit
1276 1837 1350 1880 eum
1364 1784 1499 1912 fflyffid

299 1915 508 1998 juramento:
547 1915 682 1981 “Tanta
707 1920 885 2002 tempestas
916 1921 1091 1981 ventorum
1123 1921 1158 1981 et
1190 1917 1351 1981 fluctuum
1365 1915 1384 1964 it
1397 1931 1448 1965 was

304 2026 321 2051 “
344 2018 443 2081 irruit
465 2039 653 2104 supernos,
677 2018 765 2104 quod
797 2017 895 2082 multi
929 2019 1055 2084 nobiles
1086 2024 1260 2104 sequentes
1292 2041 1352 2083 nos
1365 1984 1511 2100 {imm

304 2119 380 2183 “in
413 2120 576 2186 naviculis
608 2126 681 2187 octo
712 2121 749 2184 in
780 2141 918 2185 numero
950 2121 1089 2206 dispersi
1120 2127 1208 2200 sunt,
1222 2127 1271 2185 'ut
1293 2122 1352 2184 vix

304 2231 320 2258 “
343 2223 459 2288 mortis
490 2223 670 2309 perieulum
703 2229 884 2289 evaserunt.
932 2223 1002 2288 Nos
1034 2245 1112 2288 vero
1144 2225 1202 2310 qui
1225 2245 1353 2288 eramus

304 2333 321 2359 ‘¹
344 2347 418 2390 eum
441 2346 583 2411 corpore,
605 2325 641 2389 in
664 2326 890 2411 desperatione
912 2326 993 2390 vitae
1008 2330 1130 2391 nostrae
1145 2327 1255 2412 positi,
1278 2347 1352 2390 eum

304 2437 320 2462 “
344 2448 477 2492 assensu
501 2427 695 2514 projecimus
717 2427 801 2492 illud
825 2429 860 2491 in
882 2449 990 2508 mare;
1013 2433 1046 2492 et
1069 2428 1157 2494 faeta
1179 2435 1229 2493 est
1262 2434 1351 2493 tran-

304 2539 322 2565 “
345 2529 492 2616 quillitas
515 2553 642 2617 magna.
690 2529 816 2596 Oistam
839 2553 926 2607 vero,
942 2531 978 2594 in
994 2552 1060 2616 qun
1077 2531 1219 2616 jaeebat,
1243 2552 1353 2617 panno
1366 2542 1516 2608 Theempty

304 2642 322 2669 “
345 2635 502 2700 deaurato
525 2639 710 2720 coopertam
733 2655 807 2700 eum
830 2635 975 2698 maximo
998 2634 1120 2700 honore
1138 2634 1353 2699 Cantuariam
1366 2609 1506 2728 {fflssd'ff

305 2747 324 2771 ‘⁴
347 2737 601 2824 deportavimus,
640 2743 674 2801 et
711 2735 921 2822 sepelivimus
959 2737 1058 2801 eam.''
1118 2736 1241 2803 Dieant
1278 2759 1355 2823 ergo
1369 2743 1474 2794 canter-

305 2839 456 2905 monaehi
492 2837 689 2916 Cantuariae,
729 2840 816 2924 quod
855 2837 1064 2925 sepulchrum
1098 2840 1184 2924 regis
1218 2839 1355 2904 Henriei
1369 2813 1440 2875 buy.

308 2942 426 3023 Quarti
449 2947 499 3006 est
521 2944 611 3028 apud
637 2963 706 3018 nos,
728 2963 796 3006 non
828 2939 1094 3028 co1pus13sieut
1117 2942 1206 3006 dixit
1238 2941 1355 3007 Petrus
1368 2937 1524 3054 {pennae

306 3045 347 3109 de
369 3043 491 3109 Sancto
514 3043 624 3109 David
647 3043 720 3108 Aet.
738 3047 780 3108 2⁰.
827 3043 919 3109 Deus
942 3043 1161 3129 Omnipotens
1188 3049 1238 3109 est
1261 3046 1355 3108 testis
1368 3013 1484 3134 Mffl

307 3152 341 3211 et
358 3147 465 3232 judex
488 3146 578 3231 quod-
599 3166 667 3233 ege,
699 3145 852 3211 Clemens
884 3146 1109 3232 Maydestone,
1142 3147 1212 3210 vidi
1245 3146 1354 3210 virum
1367 3143 1448 3252 {iffi
1457 3200 1493 3254 th·

306 3249 410 3336 illum,
435 3254 469 3313 et
501 3249 615 3314 audivi
648 3248 756 3335 ipsum
784 3249 953 3334 jurantem
985 3250 1073 3335 patri
1105 3269 1189 3324 meo,
1220 3247 1354 3314 Thomae
1368 3219 1507 3319 nonnis¹⁸

307 3351 534 3436 Maydestone,
558 3351 669 3416 omnia
692 3351 850 3437 praedicta
872 3351 940 3416 fore
964 3372 1051 3418 vera.
1368 3337 1456 3387 father.

362 3604 420 3656 rl'lie
438 3605 521 3670 king'e
547 3607 617 3656 tomb
637 3619 688 3655 was
710 3605 809 3668 opened
854 3605 896 3655 the
915 3605 983 3669 body
1001 3619 1066 3655 were
1086 3604 1166 3654 found
1186 3603 1357 3664 ’11111111ᾶί1-

308 3702 376 3739 some
386 3699 460 3754 years
471 3701 527 3751 ago,
539 3687 588 3736 and
599 3685 642 3736 the
661 3684 770 3736 remeius
782 3684 812 3735 ol
852 3685 950 3734 turben.
