3538 5800
653 895 814 950 lucrose
837 893 1010 946 museo.
1306 885 1347 949 31

297 1081 433 1148 sancta1
470 1081 662 1148 curiositate
695 1081 926 1170 investigatur.
983 1082 1180 1148 Sanctorum
1214 1087 1490 1168 corporaandfinds

297 1205 374 1249 cum
395 1184 513 1250 tabula
533 1183 606 1250 haec
627 1184 820 1250 continente
849 1184 1083 1271 reperiuntur:
1109 1193 1168 1249 Hie
1190 1194 1349 1266 requiescit
1361 1154 1488 1270 ffi'of

299 1295 424 1352 Sanctus
445 1295 600 1354 Wilfridus
633 1296 756 1352 antistes
779 1295 979 1362 Eboraceneie,
1002 1300 1033 1352 et
1060 1297 1211 1352 reverendi
1234 1286 1494 1351 abbeueffieaeim

299 1397 463 1469 rylberms,
496 1398 657 1464 eotenus,
689 1397 838 1464 maerens,
864 1399 1013 1470 sigredus,
1048 1403 1136 1471 aquo
1168 1399 1349 1469 wildengus.
1363 1353 1466 1470 ζξζξζζ,

300 1491 353 1555 Ex
385 1491 439 1556 his
473 1513 587 1556 servus
618 1491 682 1556 Dei
714 1491 962 1579 Omnipotentis
993 1492 1140 1578 gaudens
1171 1491 1350 1578 hilarisque

299 1591 442 1673 effectus,
464 1599 611 1680 repertas
633 1593 790 1680 reliquias
812 1593 883 1659 loco
905 1595 1040 1659 interim
1063 1599 1143 1682 apto
1158 1594 1351 1674 collocavit3

299 1696 508 1782 postmodum
531 1717 609 1762 vero
632 1695 675 1761 ad
697 1716 815 1782 corpus
839 1696 954 1763 Sancti
969 1696 1117 1762 Wilfridi
1131 1697 1252 1762 feretro
1275 1718 1351 1763 con·

298 1797 471 1864 venienter
501 1803 626 1885 aptato,
658 1797 744 1863 illud
765 1798 802 1861 in
835 1819 874 1862 eo
905 1817 1027 1885 magna
1060 1820 1135 1864 cum
1165 1800 1352 1865 reverentia

297 1901 454 1978 condidit,
477 1905 594 1986 utpote
617 1921 716 1986 quem
738 1921 858 1986 magno
880 1899 1044 1978 Wilfiido,
1067 1900 1236 1966 fundatori
1258 1902 1350 1966 vide·

297 2003 376 2070 licet
389 2003 453 2070 loci
468 2004 582 2089 ipsius,
597 2003 884 2090 consanguinitate
901 2003 1058 2089 junctum
1073 2009 1229 2083 noverat;
1253 2025 1351 2090 quem

127 2101 284 2156 [LE-*³³-
297 2106 333 2171 in
355 2106 502 2192 regimen
524 2105 668 2172 ecelesia
681 2105 907 2184 Eboracensis,
929 2105 1016 2172 sicut
1031 2106 1237 2172 Venerabilis
1260 2106 1352 2171 Beda

296 2227 397 2295 prope
420 2208 521 2273 finem
552 2207 712 2274 Historiae
743 2208 853 2294 gentis
875 2207 1060 2294 Anglorum
1082 2208 1190 2288 refert,
1214 2209 1245 2273 ei
1278 2230 1350 2274 suc-

296 2311 429 2377 cessisse
451 2310 593 2390 sciebat3
616 2331 778 2396 quemque
811 2309 865 2374 uti
887 2310 1031 2375 nominis
1064 2311 1135 2396 ejus
1157 2315 1350 2386 consortem,

296 2413 346 2478 ite
367 2418 402 2478 et
423 2413 505 2478 vitae
526 2431 720 2497 morumque
742 2411 908 2476 haeredem
930 2410 1031 2477 fuisse
1046 2417 1223 2498 acceperat
1271 2411 1351 2478 Cor·
1363 2423 1417 2473 The
1429 2423 1507 2502 conce

296 2535 359 2600 pus
381 2513 544 2600 siquidem
566 2513 657 2578 illiue
678 2512 813 2599 majoris
835 2511 992 2590 Wilfridi,
1017 2515 1106 2600 quod
1119 2519 1283 2580 semotum
1306 2514 1349 2580 ab
1362 2489 1519 2608 {fffiffi

296 2615 371 2682 aua
392 2637 452 2702 per
473 2637 509 2681 se
530 2615 567 2680 in
589 2615 751 2680 eminane
772 2615 844 2681 1000
865 2615 903 2679 in
924 2615 999 2702 ipsa,
1032 2617 1167 2684 eclesia
1197 2617 1349 2682 tumbam
1363 2593 1508 2690 crevenno

127 2713 169 2764 1⁶·
182 2730 207 2764 '-
222 2717 261 2764 19·
296 2717 466 2795 habuerat
482 2737 582 2802 qnam
605 2722 640 2782 et
662 2715 877 2802 epitaphium,
899 2722 941 2782 ut
962 2717 1050 2783 idem
1073 2718 1164 2784 Beda
1185 2719 1223 2783 in
1237 2719 1351 2784 eadem
1362 2691 1478 2808 m?

298 2820 449 2886 Historia
470 2825 593 2899 narrat,
624 2820 770 2908 digniter
793 2820 1012 2899 decoraverat,
1047 2842 1068 2886 a
1100 2821 1241 2908 glorioso
1264 2821 1351 2888 Oan-
1364 2824 1473 2890 burycy

297 2923 481 2989 tuariorum
503 2923 655 2989 antistite
680 2923 804 3000 Odone,
827 2922 922 3008 cujus
944 2923 981 2987 in
1003 2923 1100 2988 initio
1130 2923 1350 3011 hujusopus-
1364 2889 1428 2942 ΟΜ

298 3026 364 3092 culi
400 3027 514 3113 paneis
545 3026 765 3106 meminimus,
799 3025 998 3090 tramlatum
1033 3025 1247 3093 Oantuariam
1277 3027 1349 3093 fue·

298 3133 361 3206 rat,
399 3127 678 3214 quemadmodum
708 3127 848 3213 ipsemet
881 3127 919 3192 in
949 3127 1084 3214 prologo
1122 3128 1211 3195 Vitae
1242 3131 1349 3216 ipsius

300 3229 456 3308 Wilfridi,
480 3253 554 3317 quae
587 3251 647 3317 per
669 3251 745 3294 eum
776 3229 909 3296 heroico
939 3235 1046 3296 metro
1077 3232 1259 3319 composita
1290 3237 1349 3311 est,

130 3326 273 3406 chiffl:
299 3337 488 3411 attestatur,
511 3333 562 3398 ita
583 3332 745 3399 scribens:
768 3341 867 3412 Igitur
888 3341 1151 3400 venerabilissimas
1173 3343 1251 3400 beati
1282 3363 1349 3401 con·
1364 3348 1442 3400 0ᾱοί
1453 3350 1498 3400 de·

129 3393 288 3524 ffiffif
300 3431 415 3490 fauoris
438 3431 549 3489 mmai
570 3431 701 3488 wneiai
714 3431 852 3503 reliquias
866 3431 1016 3488 insama
1030 3433 1180 3490 mucosa
1200 3435 1350 3506 voraginis
1363 3415 1492 3480 werthe·

129 3527 262 3594 pref.,vol
271 3527 288 3578 i.
300 3522 359 3578 situ
381 3522 536 3588 mercides,
568 3521 659 3578 immo
690 3521 769 3594 qnod
800 3521 881 3576 dictu
915 3539 1029 3594 quoque
1060 3523 1264 3580 meticulosum
1295 3530 1349 3592 est,

133 3601 190 3647 ¹⁰⁶·
300 3613 489 3686 prelatorum
510 3611 731 3684 horripilatione
753 3611 911 3682 neglectas,
935 3629 1003 3667 oum
1036 3612 1115 3680 inde,
1139 3613 1254 3669 favente
1277 3615 1348 3681 Deo,

301 3702 413 3758 scilicet
435 3720 453 3756 a
474 3702 538 3758 loco
560 3700 707 3772 sepulchri
740 3699 803 3770 ejus
834 3700 953 3772 quidam
967 3703 1194 3770 transtulissent,
1217 3722 1349 3760 reveren-

301 3796 346 3846 ter
367 3790 477 3862 exoepi,
501 3796 588 3862 atque
621 3789 700 3845 intra
733 3789 876 3845 ambitum
907 3791 1149 3863 metropolitana,
1176 3793 1225 3848 cni
1256 3795 1351 3865 gratia

301 3879 356 3934 Dei
398 3880 550 3952 praesideo,
584 3879 714 3936 ecclesiae
737 3879 896 3935 collocavi:
933 3881 1095 3952 praesertim
1133 3887 1255 3952 cogente
1299 3884 1351 3938 illo

302 3969 497 4040 Evangelistae
520 3969 697 4035 testimonio,
720 3987 786 4025 meo
806 3967 944 4024 videlicet
972 3969 1162 4042 apologetico,
1186 3971 1255 4042 quia
1287 3971 1350 4026 nbi·

302 4076 415 4130 cunque
453 4058 541 4115 fuerit
579 4077 693 4132 corpus,
727 4057 983 4129 congregabuntur
1013 4063 1044 4114 et
1075 4059 1190 4132 aquilae.
1248 4061 1351 4133 Itaque

301 4151 391 4204 tantae
413 4153 533 4220 tamque
554 4149 615 4205 Deo
637 4149 736 4220 digne
762 4147 912 4203 affinitatis
942 4148 1100 4204 delectatus
1129 4149 1291 4216 vicinitate,
1321 4155 1352 4206 et

300 4237 421 4294 editiore
442 4256 491 4294 eas
513 4239 635 4296 entheca
657 4237 803 4304 decusare,
827 4243 858 4293 et
872 4237 1013 4310 excerptis
1035 4238 1072 4296 de
1094 4238 1168 4294 libro
1185 4239 1265 4298 Vitas
1288 4239 1351 4311 ejus

301 4326 428 4384 flosculis
452 4346 529 4385 noro
552 4345 637 4400 opere
659 4328 787 4400 pretium
810 4327 880 4384 duxi
903 4329 1032 4384 carmine
1053 4333 1216 4386 venustare.

348 4429 398 4492 26.
422 4425 557 4492 Levatis
581 4448 664 4512 ergo.
679 4425 837 4511 reliquiis,
867 4431 902 4492 et
923 4427 1167 4506 convenienter,
1198 4433 1239 4494 ut
1270 4427 1349 4508 dixi,
1364 4441 1430 4493 How
1442 4445 1491 4496 οι-

301 4527 423 4605 locatis,
447 4527 539 4593 aliud
573 4527 616 4594 ab
646 4527 704 4593 illo
736 4528 825 4613 quod
860 4528 984 4594 feceret
1020 4530 1127 4616 primo
1164 4551 1225 4617 par
1247 4533 1350 4596 omni·
1363 4511 1521 4630 ffleffiff

300 4631 406 4695 modis
429 4636 464 4696 et
486 4631 612 4716 ecquale
635 4630 759 4696 Beatus
782 4630 955 4696 Oswaldue
986 4631 1143 4698 feretrum
1166 4632 1350 4713 fabricavit,

523 4767 659 4774 ..—---..
1011 4769 1076 4776 ——u-

700 4827 707 4858 ¹
726 4825 828 4892 coacta]
849 4841 898 4877 om.
911 4827 943 4878 B.
