3606 5798
397 847 461 910 246
598 854 730 906 namna
751 853 848 904 FROM
871 849 1090 902 AROHBISHOP
1113 847 1229 898 aalma

396 1051 512 1114 contra
549 1043 733 1110 Romanam
772 1031 941 1110 ecclesiam
978 1044 1179 1127 attemptare
1217 1059 1380 1125 praesume
1425 1041 1448 1114 t,

397 1150 478 1214 dum
501 1147 678 1214 Ansefmus
703 1144 954 1214 Oantueriensis
984 1163 1045 1231 pro
1068 1143 1127 1209 illa
1148 1142 1393 1232 persecutiones
1415 1145 1451 1207 et

399 1250 500 1316 exilia
537 1247 685 1315 libentur
721 1249 793 1335 pati
830 1268 899 1314 non
935 1245 1143 1312 formidabat
1208 1244 1268 1312 Vae
1306 1243 1449 1330 peccatis

398 1351 489 1428 meis,
512 1349 633 1435 quibus
655 1349 699 1416 ad
726 1345 854 1414 'malum
877 1347 1063 1434 imputatur
1085 1345 1244 1432 quicquid
1272 1344 1450 1432 praedeces-

399 1473 487 1519 sores
517 1453 584 1517 ,mei
617 1441 742 1538 optime
773 1456 973 1528 meruenmt,
990 1455 1031 1516 et
1065 1448 1217 1514 dominus
1242 1447 1450 1514 Thurstanus

297 1549 300 1560 ’
401 1553 616 1621 Eboracensis
651 1553 720 1620 sola
750 1559 873 1619 nostrae
907 1553 1012 1639 partis
1044 1551 1168 1637 injuria
1191 1551 1335 1628 redimit,
1359 1551 1450 1636 quic·

400 1659 481 1744 quid
515 1655 767 1742 praedecessores
798 1656 869 1742 ejus
903 1655 989 1720 male
1019 1656 1199 1741 gesserunt.
1245 1652 1309 1719 Vel
1339 1652 1368 1718 si
1399 1651 1450 1718 iili

400 1758 561 1846 imputari
606 1779 672 1823 non
711 1758 817 1836 debet,
856 1757 1132 1844 praedecessorum
1169 1775 1303 1821 suorum
1344 1755 1449 1841 culpa,

401 1861 484 1927 mihi
518 1860 671 1947 prodesse
704 1881 773 1926 non
817 1859 952 1925 debebit
991 1859 1266 1946 praedecessorum
1303 1879 1451 1924 meorum

401 1965 510 2029 virtus
542 1967 577 2028 et
603 1962 745 2049 justitia
805 1961 893 2044 Quia
926 1961 990 2028 etsi
1021 1965 1156 2048 peecata
1187 1959 1321 2025 Radulfi
1355 1965 1452 2026 tanta

341 2136 346 2146 ,
402 2069 481 2131 sunt
511 2068 551 2130 ut
584 2065 655 2152 pati
685 2063 768 2130 talia
798 2064 925 2142 debeat,
948 2062 1140 2152 Augustini,
1170 2061 1341 2141 Theodori,
1365 2062 1451 2128 Lan-

402 2167 518 2246 iranci,
540 2171 578 2232 et
608 2166 757 2233 Anselmi
792 2171 926 2252 peccata
956 2165 1050 2231 nulla
1081 2169 1168 2243 sunt,
1191 2170 1231 2230 ut
1264 2165 1452 2231 novissimis

403 2267 608 2356 temporibus
631 2268 703 2354 pati
726 2269 792 2333 ista
814 2272 1011 2334 mereantur.

231 2376 393 2428 Mandasset
448 2370 549 2436 Porro
581 2369 741 2435 Girardus
775 2390 851 2436 cum
882 2370 1040 2436 Anselmo
1072 2368 1112 2435 de
1145 2369 1300 2438 facienda
1329 2369 1452 2456 profes-

232 2443 390 2560 {effipia
403 2473 494 2538 sione
517 2472 596 2538 data
618 2471 683 2537 fide
714 2471 867 2558 jurasset,
890 2471 998 2537 fallaci
1032 2477 1146 2540 tamen
1176 2477 1217 2537 ut
1248 2475 1320 2538 erat
1341 2472 1452 2537 animo

230 2577 363 2654 amatus
403 2573 551 2660 profiteri
571 2573 722 2653 distulit3
745 2573 867 2660 quippe
890 2595 924 2640 se
947 2573 1083 2640 interim
1105 2594 1184 2660 erga
1205 2595 1315 2661 regem
1337 2573 1374 2638 in
1396 2574 1453 2638 via

230 2643 378 2706 p¹⁰f⁰⁵⁸¹⁰¹¹‘
402 2697 462 2742 sua
493 2675 684 2762 prosperari,
708 2681 743 2741 et
776 2675 947 2756 dominum
969 2675 1164 2751 anselmum
1195 2677 1231 2740 in
1253 2676 1310 2742 via
1332 2675 1396 2742 Dei
1418 2681 1453 2740 et
1483 2711 1487 2716 -

400 2778 465 2843 fide
488 2777 575 2842 sedis
598 2775 798 2864 Apostolicae
821 2777 977 2843 cernebat
1007 2777 1139 2862 injuriis
1166 2782 1200 2843 et
1232 2776 1317 2842 odiis
1347 2777 1452 2842 bomi-

280 2907 282 2912 ’
399 2901 480 2946 num
514 2879 625 2966 affligi.
667 2880 765 2969 ¹Tum
802 2879 942 2946 Girardo
980 2880 1075 2946 bonae
1097 2881 1264 2947 memoriae
1288 2880 1453 2948 Pescbalis

397 2983 446 3048 ita
468 2981 602 3048 scribit:
625 2991 806 3063 Quanquam,
833 2982 952 3068 inquit,
974 3009 1063 3063 prave
1092 2991 1243 3048 adversum
1273 3011 1337 3059 nos,
1360 2992 1450 3048 immo
1462 2990 1580 3052 13⁸de

397 3087 498 3138 contra
529 3085 652 3136 matrem
685 3085 766 3152 tuam
799 3086 928 3136 sanctam
963 3081 1125 3138 Romarm
1156 3082 1307 3138 ecclesiam
1338 3087 1368 3138 te
1390 3100 1450 3142 non
1462 3056 1626 3184 ffiffi'ss'

397 3170 564 3242 ignoremus
586 3169 690 3242 egisse,
714 3170 912 3242 praesentibus*
927 3174 1026 3227 tammr
1058 3169 1151 3226 literis
1183 3172 1239 3227 tibi
1268 3171 1450 3239 mandamus,
1463 3206 1488 3256 P,
1503 3189 1560 3242 106ss

397 3266 432 3315 ut
462 3259 670 3332 professionem
694 3264 775 3315 tuam
802 3259 961 3315 venerabili
983 3259 1067 3316 fratri
1089 3266 1189 3317 nostro
1211 3261 1352 3318 Anselrno
1375 3261 1452 3318 Gan-

397 3349 539 3405 tuariensi
554 3347 768 3422 archiepiscopo
791 3349 884 3406 facere
904 3367 964 3406 non
986 3350 1129 3421 negligas.
1175 3350 1352 3407 Audivimus
1374 3352 1454 3408 euim

400 3430 569 3515 [Thomarn]
600 3437 746 3510 quondam
780 3439 1018 3510 praedecessorem
1048 3445 1143 3506 tuum,
1166 3458 1202 3496 ex
1223 3441 1278 3497 hac
1300 3439 1401 3498 eadem
1422 3459 1456 3497 re

400 3528 617 3586 contentionem
640 3527 775 3594 movisse,
799 3534 829 3584 et
858 3547 935 3596 cum,
959 3529 991 3584 in
1021 3529 1206 3602 praesentiam
1233 3531 1345 3588 domiui
1367 3529 1454 3587 Aler-

400 3616 486 3672 andri
510 3616 636 3674 Secundi
658 3635 742 3689 papas
765 3617 907 3674 ventilata
928 3623 1013 3685 esset,
1029 3637 1064 3676 ex
1086 3624 1231 3692 precepto
1254 3617 1326 3692 ejus,
1346 3619 1453 3675 diffini-

401 3707 481 3764 tione
512 3705 622 3773 habita,
645 3713 712 3778 post
740 3707 835 3763 varias
858 3707 1042 3780 quaestiones,
1066 3708 1230 3765 Lanfranco
1252 3709 1454 3782 praedecessori

402 3813 454 3853 suo
488 3803 518 3854 et
540 3795 751 3852 successoribus
766 3795 827 3852 suis
857 3798 979 3854 eandem
1002 3797 1210 3870 professionem
1233 3799 1353 3866 fecisse3
1376 3798 1454 3856 unde

333 3897 336 3908 ’
401 3891 431 3941 et
453 3905 516 3961 nos,
541 3885 618 3958 quod
636 3891 707 3940 tunc
721 3885 899 3958 temporibus
914 3885 1071 3943 diffinitum
1087 3893 1138 3956 est,
1161 3887 1306 3956 volumus,
1322 3884 1453 3947 auctore

402 3977 474 4042 Dec,
498 3975 614 4030 firmum
637 3973 840 4046 illibatumque
861 3976 982 4032 servari.

232 4071 389 4127 Thomas'll.
449 4057 582 4121 Interea
615 4054 774 4120 Girardus
805 4055 1020 4122 Eboracensis
1050 4055 1234 4122 miserrima
1271 4062 1306 4124 et
1344 4059 1454 4123 subita

232 4143 386 4272 ffiffiffiop
403 4161 510 4226 morte
542 4155 743 4241 defungitur,
775 4161 809 4221 et
840 4157 875 4220 in
908 4157 1015 4222 locum
1047 4158 1118 4242 ejus
1140 4159 1194 4223 vir
1215 4159 1312 4225 valde
1335 4165 1453 4238 castus,

232 4273 352 4325 orrork.
405 4265 439 4325 et
460 4260 544 4324 benc
574 4257 734 4334 literatus,
756 4257 898 4323 Thomas
913 4258 1042 4336 Junior,
1058 4261 1274 4348 subrogatum
1297 4261 1363 4348 qui,
1385 4283 1454 4328 non

404 4363 500 4446 longe
523 4363 598 4445 post
631 4359 710 4435 haec,
734 4359 888 4426 defuncto
911 4360 947 4425 in
974 4361 1359 4447 paee'Ohristianissimo
1381 4364 1455 4431 viro

406 4461 564 4526 Anselmc
601 4460 852 4548 archiepiscopo,
898 4463 1063 4548 professus
1108 4469 1231 4532 sanctes
1263 4471 1298 4531 et
1338 4465 1454 4554 primae

406 4563 549 4628 eeclesiae
572 4561 804 4628 Cantuariensi
831 4569 1038 4631 consecratus
1070 4570 1121 4630 est
1141 4567 1189 4632 .in
1213 4567 1389 4634 Lundonia
1411 4570 1454 4634 ab

405 4664 476 4749 ejus
498 4662 590 4726 urbis
612 4664 770 4748 episcopo.
810 4665 844 4729 Is
859 4666 971 4752 itaque
995 4669 1158 4752 quendam
1175 4669 1346 4738 Britonem
1363 4671 1454 4736 (iles-

403 4765 518 4852 guensi
553 4764 696 4832 ecclesiae
730 4766 898 4832 ordinavit
930 4770 1127 4855 episcopum,
1152 4793 1227 4858 quae
1256 4774 1328 4859 jam
1360 4799 1456 4862 paene
