3606 5798
457 823 522 888 292
733 839 975 905 maenianum
997 841 1173 896 eumuna
1195 848 1238 896 no

500 1517 956 1662 Misenumnam
1003 1572 1334 1666 unanima
1381 1573 1462 1666 uo

621 1689 1035 1785 Alcumenae
1083 1695 1340 1789 sanam.

454 2027 480 2092 Ι.
496 2025 651 2094 Articuli
665 2025 869 2093 venerabilia
895 2026 1033 2094 domim
1056 2027 1226 2095 Riatasrda'
1250 2029 1378 2113 Sarapa,
1394 2021 1505 2092 urati-

542 2128 690 2216 episoma
715 2127 946 2207 E'baraeenaa'a,
962 2136 1081 2196 aoaztra
1106 2130 1302 2196 Hearieum
1326 2128 1505 2211 Quartum,

541 2229 752 2299 immiseram
775 2230 875 2316 aequi
888 2229 1035 2316 Anyliaa,
1051 2253 1146 2298 anam
1162 2231 1309 2300 Dasmini
1323 2229 1504 2297 malcolmo

542 2331 768 2400 trecentesimo
790 2332 1009 2418 uoltum-aimo
1031 2355 1131 2400 uana.
1376 2320 1382 2326 ’

282 2497 431 2550 Invocation
497 2483 538 2550 In
562 2483 625 2548 Dei
648 2483 782 2549 nomine
804 2503 909 2549 amen.
958 2482 1077 2550 (loram
1099 2482 1243 2550 Domino
1277 2483 1347 2549 Deo
1382 2487 1503 2560 nostro,

282 2564 383 2682 ἓξὲξ
394 2569 438 2618 ²¹¹⁰
452 2586 556 2652 Jheau
582 2585 723 2663 Christo,
735 2585 847 2671 judice
870 2585 1024 2650 vivorum
1040 2591 1075 2650 et
1089 2591 1303 2663 montuosum,
1319 2606 1340 2650 a
1359 2583 1505 2649 Domino

207 2739 212 2756 .
281 2670 393 2750 Godth'e
452 2689 523 2755 Deo
557 2688 656 2754 Patre
691 2687 760 2754 Suo
793 2687 982 2765 constituto,
1014 2687 1175 2765 ordinato,
1199 2693 1233 2752 et
1265 2686 1446 2774 praeelecto,
1469 2692 1504 2752 et

281 2765 399 2883 {l'ssgssshde
452 2769 560 2858 adram
576 2771 781 2856 'intemerate
812 2795 846 2855 et
875 2791 1055 2856 benedicta
1074 2787 1142 2855 Sue
1172 2795 1279 2855 matre
1309 2795 1345 2854 et
1366 2789 1503 2875 Virgine

279 2897 381 2964 Virgin,
450 2892 564 2971 Maria,
588 2899 623 2958 et
645 2892 750 2958 Beato
773 2891 914 2978 Georgio
937 2895 1092 2978 martyre,
1114 2891 1230 2970 milite,
1253 2889 1387 2977 speciali
1410 2889 1503 2976 regni

278 2967 387 3096 ἓξὲξ
449 2971 582 3082 Angliae
604 3000 789 3081 protectore
812 3001 847 3061 et
869 2995 1030 3062 advocato
1042 3018 1050 3075 ;
1073 3015 1213 3080 quorum
1228 2994 1354 3060 vexilla
1372 2993 1443 3078 jum
1466 2994 1503 3058 iu

449 3097 678 3174 testimonium
701 3097 941 3164 namandorum
963 3098 1200 3184 expanduntur
1221 3097 1293 3164 eive
1316 3096 1501 3162 extendun-

279 3211 328 3260 we
338 3211 404 3262 have
449 3203 525 3278 tur;
548 3199 582 3262 N
584 3219 627 3277 oa,
644 3199 685 3278 A,
703 3199 740 3276 B,
757 3198 793 3277 Ο,
809 3198 850 3279 D,
873 3204 942 3276 ete,
966 3199 1047 3264 olim
1070 3198 1341 3264 metuendissimo
1363 3202 1399 3263 et
1430 3197 1500 3284 glo-

279 3280 642 3395 ⁸Ygffifg¹e²ffl⁰riosissimo
663 3300 797 3365 domino
831 3305 952 3378 nostre,
976 3298 1102 3371 seilicet
1125 3299 1268 3366 Ricardo
1299 3320 1406 3385 nuper
1427 3300 1497 3386 regi

277 3358 319 3459 ile
331 3423 398 3464 most
446 3401 579 3487 Angliae
612 3407 646 3466 et
679 3401 838 3478 Franciae,
860 3406 900 3466 ut
934 3401 997 3466 sibi
1029 3401 1066 3465 in
1098 3401 1166 3466 suis
1197 3399 1385 3466 haeredibus
1406 3399 1500 3486 regni

276 3475 372 3528 ⁸⁰¹⁰¹¹²¹¹
449 3504 581 3590 Angliae
614 3509 648 3569 et
679 3503 828 3568 Franeiae
860 3501 982 3568 futuris
1017 3502 1160 3590 regibus,
1199 3509 1233 3568 et
1260 3503 1353 3589 justo
1385 3501 1495 3578 titula,

276 3553 395 3674 {idalia
444 3603 533 3670 linea
555 3608 654 3682 recta,
678 3609 712 3670 et
746 3625 836 3669 mero
865 3603 941 3689 jure
975 3605 1157 3670 seeundum
1179 3603 1276 3691 leges,
1298 3609 1438 3682 statuta,
1461 3609 1496 3668 et

274 3673 698 3810 ¹522fgssg⁰fconsuetudines
729 3705 823 3790 regni
854 3703 1006 3790 praedicti
1039 3712 1116 3791 poet
1153 3707 1257 3791 ipsius
1289 3710 1429 3771 mortem
1460 3707 1498 3770 in

444 3819 582 3904 regnum
606 3807 802 3893 praedictum
832 3807 1090 3886 succedentibus,
1114 3813 1261 3874 nostram
1283 3807 1394 3886 fidem,
1417 3806 1497 3873 fide·

445 3909 585 3986 litatem,
608 3915 644 3974 et
665 3929 778 3974 veram
812 3909 994 3996 ligentiem,
1017 3909 1177 3995 quamdiu
1210 3909 1406 3988 viverem,
1429 3931 1495 3975 ser-

441 4031 594 4088 varemus
617 4009 813 4088 indemnem,
837 4009 1000 4080 illibatam
1023 4010 1148 4095 pariter
1170 4015 1204 4076 et
1226 4010 1372 4088 illaesam,
1388 4031 1497 4077 eorem

441 4111 555 4176 multis
578 4110 724 4197 praelatis
747 4116 782 4176 et
796 4111 890 4197 regni
914 4112 1104 4196 proceribus
1127 4117 1161 4177 et
1176 4112 1387 4198 magnatibus
1403 4113 1497 4199 regni

440 4213 587 4277 manueli
614 4213 815 4298 juramento,
850 4217 1004 4298 tactoque
1037 4218 1072 4278 et
1110 4212 1257 4280 osculato
1295 4215 1492 4281 sacrosancti

440 4313 614 4399 Evangelii
636 4313 721 4378 libro
751 4313 876 4378 fuimus
903 4313 1020 4399 jurati,
1042 4313 1173 4381 astricti
1207 4315 1333 4400 pariter
1354 4320 1389 4380 et
1411 4315 1494 4380 obli-

270 4429 406 4482 Andlnve
438 4415 518 4500 gati.
563 4414 685 4500 Vigora
717 4419 751 4479 et
782 4415 909 4480 virtute
941 4416 1035 4500 eujus
1062 4417 1257 4502 juramenti,
1280 4438 1319 4483 ac
1352 4417 1493 4482 aliorum

268 4499 390 4612 {fiffffi
432 4517 700 4602 juramentorum
733 4538 792 4600 per
822 4537 883 4582 noa
914 4519 1149 4603 praestitorum,
1180 4523 1251 4584 tam
1283 4518 1319 4582 in
1341 4519 1493 4586 Romanu

267 4627 405 4679 atvarious
437 4617 535 4694 nuria,
560 4635 659 4701 quam
693 4615 729 4679 in
765 4615 904 4698 Oxonia,
929 4618 1088 4705 quicquid
1118 4619 1289 4696 vitiosum,
1311 4621 1490 4687 annullati·

265 4691 404 4822 llicedlnd
434 4740 524 4796 vum,
547 4723 581 4784 et
613 4717 853 4784 destruetivum
885 4725 999 4786 eontra
1021 4721 1180 4808 praedicte
1206 4721 1398 4808 juramenta
1419 4744 1494 4810 pro-

1076 5389 1232 5710 Χ
