3454 5816
430 907 633 958 courruunn
655 905 700 953 ar
725 903 771 953 nu
796 891 976 974 trnnuowu
1000 898 1151 948 sunnon.
1258 880 1323 948 427

274 1091 410 1158 ecclesia
432 1092 589 1178 praedicta
621 1111 679 1175 per
714 1093 855 1174 quatuor
877 1087 1037 1153 choristas
1060 1084 1237 1151 honorifice
1269 1085 1325 1150 de·
1337 1080 1485 1216 pffieywd

276 1194 353 1260 lato·
1338 1216 1478 1267 honoured.

322 1297 366 1361 Et
388 1317 475 1361 anno
498 1294 753 1362 consecrationis
768 1315 837 1358 suae
860 1313 947 1358 nono
963 1293 1142 1382 incipiente
1158 1289 1325 1360 adsedem

277 1400 550 1468 Cantuariensem
574 1403 625 1466 est
648 1395 835 1466 translatus.

317 1625 372 1691 Da
395 1623 559 1690 Ronraro
582 1623 739 1688 Wnanar
762 1637 1030 1689 asomarrscoro
1054 1623 1281 1688 Enonncnusr.

325 1777 601 1864 Quadragesimus
624 1776 783 1862 septimus
798 1775 943 1860 regimen
958 1775 1101 1840 ecclesiae
1117 1775 1329 1841 Eboracensis
1340 1774 1438 1825 lacten

281 1879 423 1966 sumpsit
445 1879 499 1942 vir
520 1876 729 1955 venerabilis,
753 1876 940 1962 grandaevae
964 1878 1074 1942 aetatis
1106 1883 1140 1942 et
1174 1841 1496 1958 scientiaeffiiiifiiiie

280 1981 444 2047 Robertus
461 1980 614 2066 Waldby,
630 1979 738 2046 ¹frater
761 1977 885 2044 ordinis
907 1978 1174 2064 Augustiniensis
1197 1981 1238 2045 de
1253 2001 1329 2044 con-

280 2087 385 2148 ventu
415 2081 581 2168 Tykuliae,
614 2079 829 2146 Eboraoensis
863 2080 1039 2158 dioecesios,
1072 2102 1171 2147 sacrae
1205 2081 1330 2146 theolo-

283 2185 347 2272 giae
370 2183 531 2272 professor
551 2182 651 2248 -laude
674 2183 805 2268 dignus,
828 2182 869 2246 de
893 2181 1065 2248 voluntate
1088 2183 1213 2248 domini
1245 2184 1331 2270 regis

282 2285 440 2352 Richardi
465 2284 608 2351 Secundi
630 2305 689 2370 per
711 2283 894 2368 capitulum
910 2283 1113 2350 Eboraaense
1136 2284 1330 2371 postulatus.

284 2387 351 2468 Qui
373 2387 480 2474 primo
504 2386 638 2472 praefuit
660 2385 803 2452 ecclesiae
827 2385 1000 2463 Adurensi,
1024 2387 1167 2452 seeundo
1189 2386 1331 2453 ecclesiae

283 2489 464 2556 cathedrali
497 2487 704 2565 Dublinensi‚
743 2487 843 2552 tertio
877 2487 1019 2554 ecclesiae
1057 2489 1262 2566 Cicestrensi,
1299 2496 1333 2556 et

284 2595 402 2677 quarto
448 2589 591 2656 ecclesiae
630 2588 891 2674 metropolitanae
934 2589 1138 2656 Eboracensi.
1192 2591 1333 2657 Pallium

283 2716 401 2780 nempe
433 2693 576 2778 suscepit
605 2712 693 2757 anno
724 2691 859 2755 Domini
883 2708 1090 2770 ncooxcvu„
1125 2715 1200 2760 cum
1234 2697 1334 2782 scrip-

285 2796 370 2860 turis
392 2792 614 2880 Aposmlicis2
636 2793 932 2879 archiepiscopatui
958 2796 1237 2880 congruentibus3
1260 2801 1336 2883 post

286 2917 426 2982 quorum
449 2895 669 2981 receptionem
693 2915 819 2960 moram
841 2894 964 2960 faciens
988 2895 1167 2961 Londoniis
1199 2919 1258 2984 per
1292 2898 1335 2964 xl.

287 2999 495 3084 septimanae,
534 2997 618 3062 obiit
660 2996 765 3060 xxixa
801 2997 854 3060 die
887 2995 1048 3075 danuarii
1081 3019 1168 3064 anno
1200 3000 1336 3065 Domini
1349 3010 1486 3088 Diesspon

287 3116 495 3176 Mccoxcvl1.‚
526 3119 613 3163 anno
647 3099 873 3164 translationis
904 3121 974 3164 suae
1003 3101 1109 3186 primo
1140 3107 1175 3166 et
1207 3101 1334 3177 ultimo,
1347 3079 1464 3208 {332¹}ss

287 3223 326 3267 ac
370 3201 463 3286 regni
510 3200 595 3286 regis
641 3199 774 3292 Ricardi
820 3198 963 3265 Secundi
1023 3201 1174 3286 praedicti
1219 3208 1424 3268 octavoment·

288 3323 383 3369 anno.
473 3300 630 3386 Sepultus
674 3313 725 3364 cst
767 3300 855 3364 enim
902 3301 937 3365 in
983 3304 1182 3368 monasterio
1223 3303 1336 3370 Sancti
1349 3316 1480 3395 suricum

288 3402 444 3469 Edwardi
484 3403 574 3488 apud
606 3401 948 3486 westmonasterium,
980 3403 1016 3467 in
1054 3405 1179 3490 capella
1223 3405 1336 3470 Sancti
1351 3384 1487 3434 Wesmm-

289 3505 424 3571 Thomas
441 3503 600 3589 Martyris
624 3525 739 3568 versus
771 3509 936 3570 austrum:
962 3527 1060 3590 super
1083 3506 1200 3591 cujus³
1230 3507 1337 3574 locum

290 3607 470 3694 sepulturae
493 3606 559 3672 tale
582 3607 746 3692 reperitur
768 3607 983 3694 epitaphium,
1006 3609 1181 3678 videlicet:

1349 3459 1407 3502 sier.

335 3755 405 3823 Hic
421 3755 499 3842 suit
523 3761 675 3840 rapertus
698 3754 741 3820 in
764 3755 881 3842 quonia
897 3755 978 3840 jure
1001 3755 1172 3836 Itobertua,
1352 3789 1400 3839 His
1412 3789 1464 3854 091.

335 3858 383 3924 Do
412 3856 550 3940 Wcidbp
573 3857 693 3932 (lictus,
716 3878 812 3922 carana
835 3863 880 3923 ast
902 3857 964 3922 aab
986 3879 1157 3924 matamoro
1180 3859 1324 3928 strictas.
1352 3855 1419 3921 caph.

337 3959 447 4024 Sacrae
470 3957 649 4043 scripturae
672 3957 785 4024 doctor
801 3957 886 4044 fait,
910 3964 939 4024 ct
959 3958 1126 4044 partiturae

319 4059 523 4145 clupeatus,
545 4057 703 4136 rnedicaa,
727 4065 756 4124 ct
775 4057 883 4145 plebia
905 4081 1033 4145 semper
1055 4061 1194 4128 arnicas.

338 4161 515 4228 constater
536 4161 625 4245 repis
647 4161 781 4246 optabat
801 4183 964 4247 prospero
987 4163 1075 4245 lepis,

333 4264 490 4330 Eccleaioe
513 4262 622 4328 odoris
638 4262 715 4349 fait
739 4261 833 4328 binis
857 4263 907 4328 bis
923 4262 1083 4344 limmata

336 4365 471 4432 Proesul
494 4363 696 4442 Adurensis,
716 4372 791 4451 post
813 4364 878 4430 heco
901 4365 1017 4430 arctoe
1039 4365 1270 4448 Dublimenais,

336 4467 434 4532 Hinc
458 4465 680 4545 Oicestrcmsia
704 4467 843 4534 tandem
861 4467 999 4554 primae
1021 4467 1241 4538 Eborooanaia

325 4669 336 4701 ¹
354 4669 512 4736 cathedrali]
533 4685 582 4719 om.
596 4672 630 4720 H.
878 4671 889 4704 ³
907 4671 990 4741 cujus]
1009 4673 1073 4737 ejus,
1085 4675 1119 4728 H.

326 4747 526 4879 ²814poatolicis]
548 4747 714 4812 apostolica,
730 4749 795 4800 both

294 4827 344 4886 MS
367 4863 373 4880 .
775 4846 778 4852 ·
