3582 5798
399 820 442 886 72
714 833 795 882 vrri
818 831 940 882 sareon
963 829 1117 881 oawmnr

361 1046 365 1052 ·
397 1019 522 1086 habens
544 1019 581 1084 in
603 1018 770 1104 proposito
792 1017 961 1106 religionis
983 1017 1110 1084 cultum
1141 1037 1200 1103 per
1221 1034 1297 1082 eum
1320 1035 1447 1101 promo-

398 1143 475 1186 vere
501 1142 561 1208 per
583 1120 747 1207 hugham.
792 1127 835 1186 At
867 1127 918 1185 ille
949 1119 1106 1184 mandato
1141 1127 1352 1199 obtemperans,
1383 1143 1447 1198 pcr-
1461 1123 1578 1179 neuma,
1608 1179 1615 1188 .

397 1231 483 1298 rexit,
514 1231 659 1288 Germano
687 1232 807 1288 relicto:
838 1237 901 1288 arat
929 1231 1009 1288 anim
1038 1230 1120 1286 rudis
1149 1229 1244 1286 adhuc
1267 1219 1304 1284 in
1334 1205 1485 1286 catrisl·
1500 1192 1539 1240 14.

398 1325 542 1404 Domini,
565 1326 698 1392 novitas
720 1324 751 1390 ei
782 1329 949 1403 extranea,
972 1345 1134 1390 novorum
1166 1321 1303 1388 traditio
1334 1321 1449 1386 aliena

400 1427 453 1492 Na
476 1449 552 1515 ergo
575 1433 773 1514 praemature
796 1427 952 1492 uberibus
974 1427 1090 1493 matris
1113 1426 1352 1514 praeriperetur,
1367 1445 1451 1511 pras-

399 1531 518 1595 missus
552 1536 604 1596 est
635 1531 686 1596 uti
718 1531 810 1608 lacte,
838 1551 957 1595 usurus
989 1529 1093 1596 solido
1127 1529 1200 1595 cibo
1234 1529 1271 1592 in
1305 1531 1451 1613 tempore

232 1641 335 1722 oswald
400 1637 592 1719 opportuno.
639 1633 784 1698 Veniens
807 1633 919 1719 itaque
942 1633 986 1699 ad
1021 1632 1301 1718 archiepiscopum
1325 1629 1450 1696 Oswal-

230 1723 360 1829 ffigel'
401 1737 470 1814 dus,
505 1737 541 1800 in
579 1738 669 1802 omni
706 1737 960 1802 mansuetudine
998 1739 1168 1822 susceptus
1199 1731 1402 1801 mansitabat
1432 1755 1453 1799 a

400 1839 501 1906 latere
525 1839 596 1926 ejus
619 1839 655 1904 in
678 1839 923 1926 magnificentia
946 1840 1015 1904 dies
1038 1860 1105 1904 non
1127 1859 1248 1924 paucos
1267 1839 1308 1904 ob
1331 1835 1452 1903 saneti·

399 1947 504 2009 tatem
531 1943 611 2008 vitae
643 1942 679 2007 in
710 1942 919 2020 conscientia,
942 1947 976 2008 et
1007 1941 1215 2007 honestatem
1250 1939 1384 2006 vivendi
1417 1939 1452 2003 in

398 2046 646 2112 conversatione
669 2045 837 2125 modesta3
860 2049 1038 2130 utrumque
1061 2045 1149 2110 enim
1182 2044 1356 2131 profitetur
1377 2042 1452 2108 reli-

399 2149 455 2234 gio
485 2147 578 2233 quasi
605 2147 806 2226 comitantia,
830 2169 872 2214 ne
902 2152 963 2214 aut
992 2149 1152 2214 sanctitas
1185 2145 1370 2224 inofficiosa
1394 2151 1453 2211 aut

400 2249 605 2316 conversatio
627 2250 672 2314 ait
693 2248 876 2336 hypocrita.

548 2487 719 2573 Quomodo
738 2495 915 2576 promotas
932 2487 1009 2576 fuit
1031 2487 1074 2556 iot
1096 2488 1296 2577 episcopum.

232 2646 351 2697 Dunsan
447 2641 533 2710 Oum
555 2643 627 2708 haec
649 2647 834 2729 agerentur,
850 2643 975 2708 Beatus
997 2642 1192 2708 Dunstanus
1216 2643 1454 2730 wigorniensis

231 2715 383 2843 ffffifiop
402 2746 573 2832 episcopus
595 2747 632 2810 in
654 2745 844 2812 cathedram
868 2745 1014 2810 viduatae
1037 2745 1284 2811 Cautuamensis
1311 2746 1454 2812 ecclesiae

232 2845 337 2896 ⁰f0211·
402 2858 542 2928 praedioto
569 2849 664 2912 Odoni
692 2856 839 2922 successit,
863 2857 909 2912 vir
932 2856 1028 2927 gratia
1054 2858 1157 2928 plenus
1179 2870 1222 2913 cx
1247 2863 1330 2913 utero
1352 2857 1454 2912 matris
1468 2855 1541 2919 Id·1³·
1556 2859 1595 2905 14.

232 2913 343 2977 “w'‘
401 2972 477 3016 suae.
524 2951 590 3016 Hie
621 2951 776 3016 odoratus
810 2950 999 3036 opinionem
1026 2950 1123 3016 Beati
1147 2950 1294 3016 Oswaldi
1326 2950 1455 3015 stillan-

401 3057 470 3118 tem
492 3052 698 3119 dulcedinem
720 3053 757 3116 in
779 3052 988 3118 mirabilibus
1010 3052 1075 3118 Dei
1100 3075 1198 3139 super
1220 3075 1304 3131 eum,
1329 3053 1455 3120 deside·-

401 3155 497 3220 rabat
528 3153 637 3218 virum
668 3155 789 3233 videre,
812 3155 1014 3240 mittensque
1043 3155 1223 3234 accersivit,
1247 3156 1454 3242 accitumque

402 3279 512 3322 secum
535 3258 655 3323 morari
688 3257 775 3335 fecit,
798 3257 1028 3344 exploraturus
1051 3259 1079 3323 si
1102 3259 1198 3324 flores
1220 3258 1347 3324 fructus
1380 3277 1454 3344 par·

402 3359 542 3437 turiunt,
566 3358 594 3423 si
617 3359 704 3445 sapit
719 3359 851 3425 odorem
867 3360 939 3425 vita
955 3381 1052 3446 quem
1072 3361 1341 3448 promulgaverat
1355 3359 1453 3426 fama.

233 3467 275 3518 He
404 3461 563 3527 Gustavit
585 3463 619 3526 et
641 3461 737 3538 vidit,
761 3459 917 3547 quoniam
940 3483 1000 3528 cos
1023 3459 1192 3529 electionis
1214 3469 1293 3542 erat,
1317 3471 1352 3530 et
1374 3463 1456 3531 odor
1467 3460 1626 3512 Accium.

232 3536 384 3666 flssffissffl
403 3561 481 3630 cito
507 3559 549 3628 iu
578 3561 686 3630 citam
716 3585 758 3628 ex
791 3561 994 3630 aromatibus
1025 3565 1173 3630 universi
1206 3566 1352 3652 pulveris
1384 3565 1594 3654 pigmcoait

233 3667 296 3719 with
404 3665 567 3731 mentarii.
623 3665 767 3753 Eratque
800 3687 873 3754 spes
905 3665 975 3752 ejus
1007 3688 1029 3732 a
1059 3664 1113 3732 die
1144 3668 1202 3734 illa
1236 3673 1270 3734 et
1304 3669 1456 3756 deinceps
1472 3639 1511 3686 ¹⁶¹

233 3735 344 3788 Orsua
406 3767 532 3835 directa
561 3767 597 3833 in
627 3790 711 3846 eum,
735 3767 918 3856 dilexitque
946 3791 1022 3835 eum
1054 3767 1288 3854 vehementer3
1324 3777 1358 3838 et
1392 3794 1457 3859 quo

404 3868 665 3959 agnoscebantur
691 3869 735 3937 ad
761 3869 912 3950 invicem,
935 3892 974 3938 eo
1000 3869 1105 3959 magia
1128 3871 1364 3940 intendebatur
1393 3873 1456 3940 fer-

405 3995 465 4040 vor
487 3970 681 4042 dilectionis.

235 4083 296 4134 And
308 4095 365 4150 pre·
449 4075 534 4143 Oum
557 4075 670 4162 itaque
692 4073 832 4142 firmitas
854 4073 940 4154 fidei,
963 4084 1122 4157 integritas
1144 4105 1268 4155 morum,
1292 4079 1456 4147 conscicn-

234 4151 379 4282 {fflffin
404 4179 461 4244 tiae
484 4177 613 4266 puritas
637 4177 831 4244 Oswaldum
853 4177 1108 4266 circumquaque
1135 4181 1367 4262 diffunderent,
1390 4205 1457 4249 me-

235 4283 373 4359 maleum
405 4281 518 4346 diante
541 4279 645 4345 Beato
667 4279 843 4346 Dunstano
864 4281 1013 4346 innotuit
1029 4281 1158 4369 Edgaro
1180 4283 1250 4370 regi
1265 4285 1457 4372 Anglorum,

235 4348 391 4467 ffiffir,
406 4387 441 4448 et
464 4381 614 4448 concedit
640 4381 773 4467 utrique
796 4383 894 4447 utin
916 4388 1091 4450 vacantem
1114 4385 1224 4452 sedem
1249 4385 1458 4472 Wigornien-

405 4485 450 4550 sis
484 4483 627 4550 ecelesiae
664 4490 932 4570 promoveretur;
963 4493 1003 4551 ut
1033 4493 1146 4554 autern
1180 4489 1369 4556 escenderet
1400 4513 1459 4578 per

405 4585 537 4663 ostium,
561 4585 767 4672 significatur
797 4585 881 4652 clero
909 4583 1128 4674 Wigorniensi
1151 4589 1187 4654 in
1218 4613 1316 4676 quem
1346 4591 1458 4656 virum

404 4687 601 4775 complacuit
632 4687 873 4774 archiepiscopo
903 4695 938 4754 et
968 4692 1046 4778 regi.
1093 4692 1207 4760 Clarus
1241 4697 1353 4760 autam
1384 4715 1458 4780 gra·
