3538 5800
406 908 449 970 38
729 921 814 970 vrrs
836 921 959 971 snscrr
983 921 1138 970 oswium

406 1109 495 1194 quod
526 1110 585 1175 uni
618 1132 659 1176 ex
692 1109 838 1176 minimis
872 1109 941 1175 suis
973 1109 1018 1176 fit.
1065 1108 1240 1174 lbensiens
1271 1103 1406 1193 ituqus1
1439 1125 1461 1172 e

406 1211 541 1279 Christo
575 1218 746 1299 susceptus
777 1219 836 1292 est,
868 1213 1033 1300 quatinus,
1064 1211 1165 1298 juxta
1194 1211 1333 1276 verbum
1356 1207 1459 1285 Illius,

235 1295 280 1329 ¹¹¹¹
327 1315 334 1330 '
406 1315 475 1382 illic
497 1319 583 1380 esset
604 1315 663 1380 ubi
686 1320 720 1381 et
743 1315 813 1380 Ille.
861 1314 991 1381 Overe
1014 1313 1236 1379 ministerium
1258 1311 1349 1388 felin,
1372 1309 1460 1396 quod

406 1418 458 1482 sui
490 1422 696 1484 executorem
734 1419 796 1483 sub
827 1422 924 1484 terite
954 1417 1121 1484 celeritate
1151 1415 1245 1503 regni
1281 1413 1346 1480 Dei
1383 1413 1460 1478 fecit

405 1519 577 1586 heredem!
622 1521 666 1585 Et
689 1525 736 1598 tu,
761 1521 790 1586 Ο
812 1521 1001 1586 beatissime
1024 1525 1126 1606 peter,
1141 1540 1208 1585 non
1223 1518 1341 1594 minus,
1360 1516 1460 1580 immo

405 1621 512 1686 multo
544 1621 759 1688 excellentius
792 1621 882 1700 felix,
907 1623 965 1708 qui
998 1622 1133 1688 functus
1164 1619 1354 1696 ministerio,
1388 1618 1459 1702 ipso

405 1721 464 1788 et2
496 1725 610 1790 eodem
641 1731 807 1790 momento
840 1746 905 1810 quo
936 1724 1020 1790 illud
1053 1723 1196 1790 fideliter
1233 1719 1397 1808 peregisti,
1424 1719 1459 1784 in

404 1825 565 1911 gaudium
588 1824 724 1890 Domini
747 1827 807 1904 tui,
832 1826 895 1892 Oui
918 1826 1059 1903 servisti,
1081 1825 1168 1891 felici
1195 1823 1330 1910 praemio
1352 1841 1459 1886 remu-

405 1932 540 1992 neratus
573 1927 780 1994 felicissimus
814 1929 970 1996 introisti.
1016 1929 1093 1994 Jem
1126 1928 1238 2016 glorie,
1274 1947 1340 2012 que
1370 1945 1458 1991 coro·

405 2030 503 2106 neris,
526 2030 638 2095 innuit
671 2031 739 2095 tuis
773 2037 936 2118 quantum
967 2031 1071 2117 possis
1102 2031 1166 2096 sibi
1197 2027 1350 2115 prodesse
1382 2030 1460 2091 ente

406 2131 524 2208 Deum,
557 2133 586 2196 si
624 2133 776 2218 digneris.
824 2133 870 2198 Et
904 2133 1046 2220 quidem,
1081 2133 1206 2218 inclyte
1243 2135 1346 2217 peter,
1379 2128 1460 2193 felix

404 2233 470 2297 fuit
492 2234 564 2299 vite
598 2240 665 2311 tus,
688 2235 769 2300 felix
803 2235 869 2300 fuit
900 2241 935 2301 et
964 2257 1052 2301 mors
1086 2240 1153 2301 tun
1198 2235 1310 2319 Atque
1332 2231 1461 2297 utinam

405 2334 552 2398 sentient
574 2335 610 2400 in
633 2357 667 2402 se
690 2336 817 2402 alumni
840 2338 899 2415 tui,
923 2339 1011 2424 quod
1042 2337 1087 2403 sit
1109 2337 1190 2403 felix
1213 2335 1370 2401 memoris
1392 2340 1459 2409 tue,

405 2437 534 2522 sibique
567 2437 715 2506 selubris¹
743 2444 843 2526 etque
875 2440 1021 2506 benefice
1053 2461 1151 2526 quum
1186 2439 1229 2505 ed
1266 2444 1300 2503 te
1335 2435 1459 2502 hebent

404 2537 540 2603 humilis
563 2539 695 2606 devotio
717 2563 785 2607 sue.

451 2642 503 2705 35.
528 2639 647 2728 Iteque
669 2643 787 2709 fratres
810 2649 939 2731 petrem
962 2667 1059 2710 suum
1077 2645 1149 2732 jem
1168 2644 1362 2710 defimctum
1385 2663 1458 2727 cog-

405 2749 585 2821 noscentes,
617 2752 803 2823 accurrunt,
841 2753 876 2812 et
906 2748 1079 2834 complosis
1111 2746 1265 2813 menibus
1302 2745 1457 2832 lugubres

406 2844 550 2930 ejulatus
573 2848 741 2914 emittunt.
789 2849 884 2915 Inter
906 2872 988 2936 quos
1010 2855 1123 2916 temen
1145 2850 1268 2936 trepidi
1299 2871 1338 2914 ec
1368 2869 1457 2934 gem·

406 2953 499 3012 entes
532 2951 684 3016 exanime
719 2973 837 3040 eorpus
866 2953 1043 3040 accipiunt,
1077 2952 1182 3019 cilicio
1215 2954 1378 3027 sternunt,
1400 2950 1458 3014 ab·

406 3049 515 3126 luunt,
538 3053 804 3132 sacerdotalibus,
827 3055 880 3120 uti
902 3055 1002 3121 moris
1032 3059 1092 3132 est,
1123 3053 1272 3120 vestibus
1303 3053 1455 3117 induunt.

406 3151 592 3238 Perciperes
626 3155 669 3218 ed
700 3154 772 3221 haec
804 3156 940 3242 pietatis
975 3155 1089 3233 officie,
1117 3177 1216 3242 quam
1250 3155 1305 3241 pio
1337 3153 1457 3219 effectu

407 3253 525 3318 vivens
547 3262 661 3340 pastor
683 3279 704 3322 a
726 3257 795 3322 suis
818 3257 937 3323 ovibus
971 3257 1193 3345 diligebetm;
1220 3277 1295 3323 cum
1330 3256 1366 3319 in
1400 3277 1456 3320 ex-

407 3353 540 3420 tinctu³
561 3358 752 3442 procederet
785 3364 891 3426 tantse
924 3360 1074 3426 caritatis
1107 3359 1261 3435 ostensis,
1284 3363 1324 3422 nt
1345 3357 1457 3422 nullus

406 3457 457 3520 illi
480 3463 654 3543 putaretur
676 3461 758 3525 setis
781 3460 938 3528 detulisse
973 3461 1115 3539 honoris,
1147 3461 1205 3547 qui
1237 3482 1305 3525 non
1327 3459 1458 3546 lachry-

406 3561 575 3626 mantibus
598 3563 702 3628 oculis
724 3563 878 3630 munibus
901 3565 972 3653 ejus
988 3587 1026 3632 ec
1040 3564 1180 3653 pedibus
1204 3565 1325 3630 devote
1347 3561 1457 3630 occule

406 3663 632 3748 impressisset.
773 3743 774 3746 Ἴ

452 3767 503 3830 36.
527 3765 617 3833 Huic
652 3769 876 3854 superpositus
914 3769 1041 3847 feretro,
1076 3770 1181 3834 fertur
1212 3769 1255 3834 sd
1289 3769 1456 3834 ecelesiam

407 3863 611 3934 Beatissimae
635 3867 783 3956 Virginis
806 3870 991 3958 Virginum,
1015 3893 1123 3958 quem,
1146 3872 1233 3937 sicut
1266 3893 1368 3957 supra
1389 3893 1456 3934 me-

405 3968 584 4048 minimus‚⁴
617 3993 639 4036 a
671 3971 889 4037 fundamento
923 3973 993 4059 ipse
1025 3973 1220 4038 construxit.
1283 3974 1328 4038 Et
1366 3977 1455 4038 eece!

404 4069 484 4134 dum
507 4071 543 4136 in
566 4072 701 4137 sublimi
724 4079 917 4160 gestaretur,
940 4097 979 4140 ec
1012 4075 1275 4161 praecedentibus
1309 4075 1373 4140 iis⁵
1396 4077 1452 4162 qui

404 4173 530 4237 sonoris
564 4175 775 4241 concentibus
806 4177 877 4242 Deo
909 4177 1023 4242 leudes
1056 4183 1090 4242 et
1121 4199 1232 4263 preces
1265 4178 1455 4256 offerebant,

405 4273 623 4359 subsequente
660 4282 773 4341 eutem
810 4277 940 4364 populo,
979 4279 1037 4365 qui
1084 4279 1242 4344 emissum
1288 4285 1454 4366 pastorem

405 4396 549 4440 unacum
571 4377 739 4443 monachis
754 4379 940 4447 miserenda
954 4403 1034 4447 voce
1056 4381 1277 4469 plangebant3
1300 4385 1456 4470 apperuit

404 4476 510 4562 gloria
533 4477 605 4556 Dei,
628 4500 701 4564 quae
725 4480 837 4547 doctus
859 4489 987 4550 mentes
1013 4483 1126 4550 docuit
1148 4483 1455 4574 intelligere-meri·

413 4611 518 4620 -a-——n

439 4673 446 4706 ¹
465 4674 562 4740 itaque]
584 4674 628 4735 its,
642 4675 674 4725 A.
687 4677 719 4726 Β.
984 4681 995 4713 ⁴
1013 4681 1174 4749 meminimus]
1193 4682 1314 4734 diximus.

437 4753 500 4820 2et]
522 4771 571 4805 om.
583 4757 614 4806 B.
984 4760 995 4792 ⁵
1014 4761 1058 4826 iis]
1079 4760 1127 4822 his,
1139 4762 1170 4812 B.

435 4836 446 4868 ³
464 4835 585 4900 exsucta]
607 4835 755 4895 extinctum,
767 4835 798 4885 B.
926 4885 929 4892 ,
