3606 5798
441 856 507 922 268
665 871 748 924 vrri
771 873 961 926 rnuesrrri
983 875 1248 930 iacmrrrscorr

269 1070 393 1126 Thurain
483 1065 501 1094 “
524 1059 646 1126 Vivere
667 1081 766 1128 carne
788 1060 872 1128 mori
895 1062 1013 1142 fuerat,
1035 1064 1094 1132 sed
1116 1086 1214 1133 carne
1236 1069 1358 1136 resolvi
1473 1074 1493 1136 5

269 1135 398 1257 mk?
528 1167 545 1196 “
569 1162 631 1227 Est
653 1163 750 1228 modo
772 1184 852 1229 vera
873 1163 971 1242 salus
994 1165 1067 1231 vita
1089 1166 1188 1233 beata
1209 1168 1316 1236 mihi.l

270 1269 358 1324 cirion
482 1269 499 1296 “
523 1261 752 1352 Quadraginta
773 1263 939 1350 dies·,vixi
962 1265 1142 1334 monachus
1165 1269 1274 1356 gregis
1295 1269 1405 1357 hujus,

524 1371 541 1398 “
566 1363 651 1430 Cum
674 1364 843 1430 monachia
865 1365 1056 1444 monachus,
1071 1368 1129 1432 sed
1152 1371 1330 1454 praeeundo
1352 1393 1475 1438 monos

481 1465 705 1533 Prmradiabat
726 1467 815 1532 enim
838 1468 960 1534 mentis
982 1469 1032 1534 sol
1054 1490 1109 1536 ore
1132 1470 1264 1550 sodalis,

525 1566 569 1633 Et
591 1568 686 1654 quasi
708 1569 756 1634 sol
778 1569 867 1635 inter
889 1569 998 1635 sidera
1020 1571 1109 1637 solus
1132 1578 1211 1639 erat
1448 1579 1491 1642 10

479 1669 559 1735 Post
580 1669 729 1736 habitam
752 1671 886 1737 mitram
908 1668 1076 1758 gaudebat
1098 1673 1219 1740 habere
1241 1675 1414 1755 cucullam,

524 1769 568 1836 Se
589 1771 715 1838 faciens
737 1773 869 1858 inopem
891 1779 968 1859 post
981 1774 1160 1866 ,emulum
1183 1780 1236 1842 tot
1258 1797 1368 1863 opum.

479 1871 530 1940 De
552 1893 673 1960 magno
695 1873 851 1950 modicus,
873 1893 1000 1960 pauper
1021 1875 1062 1940 de
1086 1875 1192 1941 divite
1215 1876 1335 1956 iectus,

524 1974 581 2042 Sic
603 1975 708 2041 obiit:
734 1976 814 2061 quid
837 1975 880 2042 ob
902 1977 962 2042 idi
979 1977 1093 2063 justus
1115 1979 1187 2044 abit
1208 1999 1270 2046 nec
1292 1979 1371 2047 obit.

479 2076 568 2141 Mors
591 2077 662 2142 sine
685 2083 790 2143 morte
812 2075 888 2156 fuit,
911 2100 999 2144 mors
1022 2079 1234 2146 mortificatio
1257 2082 1381 2160 mortis,

523 2177 611 2244 Nam
633 2184 717 2264 post,
740 2181 922 2266 utpatuit,
944 2201 1032 2246 mors
1055 2181 1112 2267 pie
1135 2181 1209 2248 vita
1233 2182 1306 2248 fuit
1448 2185 1490 2249 16

267 2331 350 2384 other
479 2328 565 2394 Item
595 2329 653 2394 alii
687 2351 802 2395 versus
837 2329 952 2395 eximii
976 2329 1118 2396 Galfridi
1150 2331 1191 2396 de
1213 2329 1432 2418 Notinghem,
1454 2331 1490 2396 in

266 2413 396 2517 ffifi‘ss
433 2428 565 2497 laudem
588 2431 785 2497 venerabilis
808 2431 991 2510 Thurstini,
1013 2432 1248 2520 archiepiscopi
1268 2431 1491 2500 Eboracensis.

266 2531 424 2650 ''ffid
478 2553 651 2620 Thurstini
674 2559 814 2620 mortem
837 2575 969 2632 moereo,
992 2553 1067 2640 plus
1090 2575 1213 2620 moereo
1236 2559 1367 2633 sortem,

266 2663 335 2714 hm
393 2613 411 2665 ⁸
479 2657 694 2724 Communem
717 2663 848 2736 sortem,
871 2663 1032 2742 tanquam
1055 2657 1084 2722 si
1106 2658 1226 2722 funera
1247 2661 1386 2744 portem.

324 2753 330 2766 '
362 2821 369 2834 ,
404 2772 421 2805 ¹¹
478 2759 557 2826 Non
579 2766 630 2826 est
653 2761 858 2826 moerendum
881 2759 1036 2825 mortalis·
1052 2759 1081 2824 si
1103 2760 1273 2838 moriatur,

389 2858 396 2874 '
478 2863 546 2929 Sed
567 2885 663 2951 mage
685 2863 897 2951 gaudendum
921 2868 1062 2928 mortem
1084 2883 1159 2930 eum
1182 2862 1255 2928 vita
1276 2861 1432 2930 lucratur.

477 2965 623 3050 Spiritus
644 2967 753 3032 exivit
774 2988 796 3032 a
818 2985 961 3052 corpore,
984 2985 1083 3051 quem
1106 2965 1265 3052 repetivit
1440 2956 1445 2962 ’
1469 2973 1488 3032 5

478 3065 512 3131 Is
536 3065 600 3133 Oui
623 3067 772 3145 servivit,
794 3066 831 3132 in
855 3065 929 3146 Quo
952 3071 1028 3152 post
1048 3065 1167 3132 funera
1188 3066 1284 3132 vivit

369 3165 373 3172 ’
477 3167 585 3234 Terrae
608 3173 696 3234 terra
718 3169 825 3246 datur,
848 3169 905 3234 sed
928 3167 1065 3254 spiritus
1087 3167 1269 3234 associatur

477 3269 629 3336 Ooetibue
650 3271 816 3357 angelicis,
838 3269 933 3357 quasi
954 3291 1053 3336 verus
1075 3269 1201 3336 amicum
1222 3270 1345 3336 amicis.

477 3371 566 3438 Mors
588 3370 716 3438 ratione
738 3377 836 3450 earet,
858 3370 943 3436 nulli
966 3372 1081 3458 parcit,
1103 3391 1209 3457 neque
1232 3377 1334 3460 paret,

519 3473 606 3561 Lege
627 3473 701 3560 pari
718 3458 859 3559 juvenes
882 3473 994 3539 obruit
1015 3477 1117 3558 atque
1139 3494 1241 3539 senes.
1441 3479 1483 3540 10

476 3576 578 3641 Morti
600 3575 739 3640 debetur
761 3574 937 3661 quicquam
960 3575 1022 3639 sub
1045 3573 1112 3640 sole
1135 3578 1306 3654 movetur3

521 3676 723 3745 Calcandum
746 3676 870 3763 pariter
892 3675 1044 3742 omnibus
1067 3681 1118 3741 est
1140 3675 1175 3741 id
1193 3676 1266 3742 iter.

476 3779 514 3846 Si
536 3779 611 3866 quis
633 3779 859 3864 sentiretque
881 3777 977 3844 vadit
1000 3783 1035 3843 et
1057 3777 1146 3843 unde
1168 3777 1307 3854 veniret,

475 3881 657 3968 Nunquam
679 3880 810 3958 rideret,
833 3879 891 3945 sed
913 3879 1004 3944 omni
1026 3883 1173 3965 tempore
1196 3878 1301 3944 fieret.

475 3983 505 4048 Ο
528 4003 616 4048 mors
638 3981 719 4067 quid
741 3979 864 4046 meruit
886 3979 1087 4058 Thurstinus
1108 3979 1248 4045 vernula
1271 3978 1397 4045 Christi
1445 3983 1485 4045 15

476 4085 542 4166 Qui
564 4084 650 4150 vitio
672 4083 780 4150 canuc
801 4088 842 4148 ut
863 4103 939 4148 eum
962 4081 1167 4148 subtraxeris
1189 4081 1273 4148 istil

475 4185 608 4252 Gaudet
629 4205 704 4252 cum
728 4183 862 4251 Christo
884 4182 1006 4270 praesul
1028 4181 1211 4269 prudenter
1232 4183 1276 4247 ab
1299 4183 1366 4248 isto

475 4287 602 4352 Mundo
625 4307 703 4352 nam
726 4286 809 4351 sinit
830 4285 910 4370 quia
931 4305 999 4350 non
1021 4284 1107 4349 obiit
1129 4284 1186 4350 sed
1208 4283 1325 4349 abivit
1398 4281 1402 4289 ’

381 4433 384 4442 ,
445 4437 450 4444 .
475 4387 602 4453 Mundo
624 4387 806 4452 translatus
829 4386 966 4470 caelique
988 4384 1095 4450 choris
1118 4384 1269 4450 sociatus.

476 4489 601 4554 Mundo
624 4489 783 4574 migravit
804 4487 883 4573 quia
905 4486 1067 4551 mundum
1089 4485 1317 4572 subpeditavit
1444 4489 1487 4552 20

465 4662 565 4717 ι«Ἰοὶιιι
576 4663 608 4715 oi
621 4661 750 4724 Hexham,
761 4662 787 4712 in
806 4661 848 4712 hia
865 4661 933 4714 Con·
985 4661 1023 4724 (p.
1050 4663 1106 4720 lul,
1128 4661 1170 4712 ed.
1194 4660 1296 4712 Sortem
1319 4660 1402 4723 coc).
1444 4661 1487 4712 lle

431 4741 599 4794 tinutioncf
614 4741 798 4806 Symeon,had
818 4740 934 4792 seenthe
985 4738 1050 4790 calls
1084 4739 1128 4789 the
1161 4739 1321 4792 arehdeaccn
1360 4740 1487 4806 lincopia

431 4821 504 4886 llnes,
532 4822 583 4873 and
610 4826 700 4887 qnater
729 4825 780 4870 two
810 4819 841 4871 oi
864 4819 933 4872 tham
984 4817 1083 4870 instead
1093 4817 1123 4869 ol
1134 4819 1257 4883 Trocope.
