3582 5798
444 871 487 932 48
711 879 893 930 unacum
917 879 1041 930 sanem
1065 877 1219 928 oswnnnr

275 1077 414 1155 nwoman
445 1053 644 1155 Exemplum
660 1068 761 1133 verbi.
808 1068 928 1134 Mulier
951 1091 993 1134 ex
1016 1067 1131 1134 incolis
1154 1087 1228 1144 una,
1246 1064 1376 1129 diutino
1399 1084 1499 1128 mem-

274 1143 412 1274 {ffllaed
444 1169 576 1236 brorum
601 1171 748 1236 cruciatu
771 1169 900 1248 afflicta,
917 1175 951 1236 et
973 1170 1109 1257 insuper
1124 1169 1223 1234 unius
1246 1187 1363 1233 manus
1386 1165 1499 1242 officio,

275 1277 378 1326 hanni·
444 1293 518 1357 quae
541 1270 702 1358 paralysis
725 1272 838 1337 morbo
864 1277 1006 1349 aruerat,
1029 1272 1161 1358 penitus
1185 1270 1354 1346 destituta,
1377 1269 1499 1334 tumbae

275 1344 359 1393 emen.
443 1373 575 1459 propior
597 1373 752 1439 accedens
768 1373 836 1438 fixa
858 1373 1022 1438 manebat.
1069 1373 1142 1439 Hoc
1157 1373 1280 1458 quippe
1294 1376 1335 1435 ut
1350 1371 1381 1436 ei
1395 1371 1499 1435 facere

442 1475 563 1552 liceret,
588 1475 709 1561 partim
733 1475 890 1540 nobilitas
913 1475 1042 1562 generis
1060 1475 1140 1560 ejus,
1156 1474 1278 1560 partim
1300 1478 1381 1539 nota
1403 1493 1500 1538 cunc·

443 1579 487 1642 tis
509 1579 657 1664 probitas
679 1578 759 1662 ejus
775 1578 897 1663 partim
920 1578 1123 1664 recuperatio
1146 1577 1299 1643 sanitatis
1314 1577 1385 1662 ejus
1401 1597 1499 1660 quam

443 1680 542 1744 multi
575 1701 780 1766 summopere
812 1679 1051 1758 desiderabant,
1084 1685 1339 1765 comparaverat.
1387 1677 1500 1742 Flexis

444 1783 557 1866 itaque
579 1782 718 1868 genibus
742 1786 820 1847 ante
843 1782 934 1847 beati
955 1782 1022 1846 viri
1046 1781 1232 1848 venerabile
1254 1802 1380 1867 corpus
1403 1780 1500 1843 fusis·

444 1906 507 1969 que
530 1884 572 1948 ad
595 1883 704 1947 Deum
728 1883 849 1948 devoto
872 1883 968 1948 corde
991 1881 1186 1947 humillimis
1209 1883 1369 1968 precibus,
1392 1881 1500 1945 mede-

443 1986 509 2050 lam
533 2007 632 2071 quam
656 1987 779 2072 petivit
801 1992 933 2072 recepta
947 1987 1092 2051 sanitate
1108 1987 1144 2050 in
1159 1985 1337 2072 praesentia
1351 1985 1498 2048 omnium

442 2111 521 2154 mox
553 2089 707 2154 obtinuit.
751 2087 807 2152 Ad
830 2089 918 2174 quod
940 2089 1028 2154 sicut
1049 2089 1201 2153 nonnulli
1223 2089 1259 2152 in
1282 2087 1413 2152 laudem
1436 2085 1501 2150 Dei

443 2190 552 2276 dignis
578 2190 791 2256 concentibus
815 2195 1004 2276 eruperunt,
1027 2190 1077 2255 ita
1099 2189 1247 2276 plerique
1271 2189 1375 2254 infida
1389 2193 1500 2253 mente

444 2291 566 2356 sanctis
588 2291 716 2356 meritis
738 2292 845 2357 sancti
873 2292 938 2355 viri
962 2291 1209 2356 detraxerunt'
1234 2291 1305 2357 Nec
1327 2291 1363 2355 in
1385 2289 1437 2354 his
1460 2290 1501 2354 de

444 2393 544 2478 vulgo
567 2393 687 2478 aliquis
720 2391 809 2474 fuit;
843 2393 997 2458 abbatem
1020 2393 1185 2478 quendam
1218 2392 1398 2458 infidelitas
1429 2393 1501 2478 ipsa

277 2518 410 2568 Anatha
444 2496 611 2580 percussit.
658 2493 823 2580 Opinatus
861 2495 949 2559 enim
987 2495 1036 2558 nil
1059 2495 1095 2558 in
1127 2495 1282 2580 pontifice
1314 2494 1501 2560 sanctitatis

277 2585 379 2716 {bielno
446 2597 602 2662 enituisse
636 2596 726 2660 unde
748 2600 864 2661 tantus
886 2594 992 2660 honor
1016 2595 1066 2658 illi
1089 2596 1208 2661 merito
1240 2595 1409 2660 debuisset
1442 2595 1501 2659 ha-

277 2718 406 2782 queuiona
445 2699 525 2776 beri,
563 2698 706 2763 sinistris
744 2697 941 2782 quibusdam
979 2699 1118 2762 nutibus
1157 2704 1191 2763 et
1228 2698 1346 2774 verbis,
1380 2697 1417 2762 id
1455 2698 1501 2761 eis

278 2785 434 2901 gffl‘lffnd
447 2823 528 2887 quos
559 2802 596 2865 in
628 2801 691 2866 hoc
724 2801 788 2864 sibi
822 2800 967 2866 fautores
1001 2801 1071 2866 fore
1104 2801 1246 2887 putabat
1280 2801 1502 2886 depromebat.

278 2889 425 2967 constitue
448 2903 543 2982 Quod
567 2902 708 2988 episcopi
732 2901 853 2987 aliique
884 2901 963 2968 boni
986 2903 1050 2966 viri
1073 2903 1290 2989 percipientes
1314 2903 1502 2988 ingemuere

278 2982 416 3100 malm
448 3004 547 3071 simul
583 3011 717 3070 tantum
751 3005 898 3090 potuisse
929 3005 1112 3091 malignum
1148 3005 1325 3084 diabolum,
1360 3011 1401 3071 ut
1433 3006 1504 3090 ejus

278 3115 340 3168 uon.
448 3108 610 3174 instinctu
633 3108 673 3172 de
696 3129 731 3171 re
753 3113 824 3172 tam
847 3127 939 3172 sacra
958 3113 1147 3173 nasceretur
1169 3114 1204 3173 et
1226 3108 1262 3172 in
1284 3109 1380 3173 corde
1402 3108 1503 3174 abba-

447 3211 492 3275 tis
523 3215 593 3275 tam
625 3208 819 3274 execrabilis
850 3208 946 3273 fama
1009 3209 1103 3275 Tune
1136 3210 1286 3274 unanimi
1319 3210 1503 3274 intentione

447 3311 595 3378 conversi
627 3310 670 3376 ad
703 3308 873 3374 Christum
906 3309 1098 3395 supplicant
1125 3312 1283 3397 quatinus
1314 3311 1505 3397 hujusmodi

449 3414 559 3480 adhuc
581 3414 618 3477 in
640 3409 813 3478 conserta¹
837 3411 1054 3478 multitudine
1077 3435 1146 3479 suae
1161 3415 1320 3500 potentiss
1342 3414 1503 3478 virtutem

407 3587 409 3593 y
448 3515 609 3591 ostendat,
641 3535 715 3600 quae
750 3519 784 3578 et
818 3513 914 3579 fratri
946 3515 1117 3600 perfidiam
1149 3515 1300 3580 funditus
1332 3515 1438 3593 tollat,
1470 3521 1505 3580 et

449 3616 607 3704 populum
642 3637 771 3681 omnem
804 3616 840 3680 in
864 3616 925 3680 Sui
956 3617 1087 3682 laudern
1121 3639 1160 3684 ac
1191 3619 1227 3682 in
1250 3618 1336 3683 servi
1360 3617 1420 3683 Sui
1443 3617 1504 3683 Os-

282 3755 397 3821 Aleper,
450 3721 550 3786 waldi
572 3721 844 3808 glorificationem
866 3721 1008 3787 attollat.
1054 3722 1126 3788 Has
1157 3723 1245 3788 inter
1276 3721 1504 3788 devotissimas

281 3823 386 3940 mqn
449 3845 569 3910 preces,
592 3830 677 3890 nutu
702 3824 765 3890 Dei
788 3823 936 3889 defertur
967 3825 1003 3888 in
1026 3826 1172 3891 medium
1194 3848 1281 3891 unus
1304 3827 1362 3912 qui
1385 3846 1505 3912 magna

282 3956 419 4022 bonusest,
449 3948 510 4013 ope
545 3947 627 4012 opus
649 3926 801 4003 habebat,
825 3927 981 3992 serumnis
1013 3927 1139 4013 plenus,
1163 3927 1224 3994 hoc
1251 3935 1310 4006 est,
1331 3929 1504 4012 utriusque

283 4021 401 4076 irenes.
449 4029 543 4115 pedis
575 4028 679 4094 officio
714 4049 827 4094 carens
861 4034 896 4094 ct
929 4029 1064 4095 horrida
1095 4030 1187 4117 lepra
1220 4031 1256 4095 in
1279 4035 1350 4096 toto
1373 4051 1504 4118 corpore

450 4131 611 4218 squalens.
672 4129 738 4197 Hic
775 4130 852 4196 talis
890 4131 933 4196 ad
971 4153 1088 4218 corpus
1128 4133 1356 4220 benignissimi
1400 4134 1504 4218 patris

452 4232 598 4298 Oswaldi
632 4231 817 4316 deponitur,
840 4237 875 4297 et
907 4253 927 4296 a
958 4233 1176 4318 praesentibus
1198 4235 1362 4322 supplices
1384 4255 1444 4320 pro
1467 4255 1504 4299 eo

451 4354 562 4422 preces
605 4332 798 4398 funduntur.
861 4333 966 4399 Nulla
1009 4355 1110 4412 mora,
1148 4335 1241 4401 nulla
1287 4335 1504 4402 subveniendi

451 4437 545 4523 pium
577 4439 704 4520 patrem
738 4433 878 4519 impedit
908 4435 997 4502 hora
1053 4435 1223 4523 Siquidem
1258 4438 1357 4524 pedes
1388 4437 1504 4524 aegroti

453 4538 571 4614 subito,
604 4536 693 4600 omni
728 4535 899 4601 debilitate
943 4538 1081 4618 sublata,
1121 4540 1330 4627 integerrime
1371 4539 1503 4605 solidati

752 4781 761 4814 ¹
779 4781 805 4831 r'a
816 4781 943 4847 rosamo]
964 4782 992 4832 in
1004 4783 1126 4843 conferta,
1138 4783 1172 4834 A.
