3582 5798
687 923 846 974 AUCTORE
869 923 1008 972 SENATO.

341 1293 510 1377 Quoncodo
528 1293 643 1380 foetus
666 1300 711 1358 est
733 1293 1003 1378 archiepiscopus
1026 1291 1247 1359 Eboroceosr's
1269 1313 1342 1358 nou

559 1395 699 1461 dafncisso
722 1395 915 1480 episcopata
943 1394 1131 1479 Wc'gorrcioe.

367 1608 422 1663 His
445 1609 487 1662 ito
509 1599 612 1685 gestis
635 1609 773 1680 praeiotus
796 1607 932 1660 Eboracae
956 1606 1085 1661 civitatis
1108 1597 1373 1684 archiepiscopus
1387 1613 1526 1664 Theareh-

321 1711 380 1775 pro
402 1689 590 1753 conditione
613 1689 721 1752 carnis
744 1688 784 1752 de
808 1687 915 1750 medio
939 1686 1046 1752 iactus
1069 1699 1126 1752 est.
1174 1697 1263 1751 Fama
1278 1698 1374 1752 obitus
1387 1681 1518 1796 ξῑὲξξρθῖ

322 1777 413 1842 iilius
447 1789 519 1858 agili
552 1789 633 1859 lapsu
657 1787 819 1842 discurrens
851 1786 945 1855 regias
976 1787 1109 1857 pervenit
1134 1787 1171 1841 ad
1201 1805 1293 1851 aures,
1317 1779 1375 1842 sed
1389 1814 1537 1876 (Omen

322 1869 423 1934 etiam
457 1877 539 1932 Beati
572 1875 717 1931 Dunstani
751 1875 887 1930 notitiam
919 1887 986 1930 non
1018 1866 1127 1930 latuit.
1153 1866 1239 1946 xQui
1274 1878 1448 1932 rolensdics.

151 1985 271 2044 mmet,
324 1986 376 2040 pro
400 1967 451 2021 sut
474 1966 566 2021 officio
591 1967 718 2020 ridnotae
742 1965 869 2020 ecclesias
893 1965 1056 2019 consultum
1081 1965 1128 2030 iri,
1152 1983 1249 2035 regern
1281 1957 1374 2034 adiit,

154 2067 196 2116 PP·
209 2057 249 2111 25,
261 2055 302 2100 2⁶·
323 2070 397 2113 cum
413 2075 481 2126 rego
497 2047 652 2132 proponit
667 2056 702 2109 do
719 2061 831 2126 pastore
847 2054 1056 2108 substituendo.
1094 2055 1237 2109 Praedicat
1251 2049 1373 2112 sancti·
1385 2073 1504 2122 Duum„

323 2143 427 2202 tatem
449 2146 623 2200 venerabilis
640 2145 775 2210 Oswoldi,
792 2135 940 2221 suggerit
963 2135 1220 2220 promovendum
1245 2137 1280 2199 in
1303 2137 1516 2218 1000urgesthc

322 2246 436 2306 sancto
469 2240 659 2304 ministrum
691 2239 889 2303 sanctitatis,
952 2239 996 2301 Et
1033 2237 1159 2322 placuit
1197 2260 1302 2303 sermo
1337 2241 1372 2304 in
1385 2208 1495 2324 {iffi}
1505 2205 1536 2256 οἰ

323 2348 498 2428 conspectu
523 2342 618 2427 regis,
641 2341 699 2404 sed
731 2345 765 2404 et
795 2340 900 2404 clerus
924 2339 1143 2415 Eboracensis,
1167 2345 1201 2404 et
1232 2342 1373 2427 populus

322 2466 389 2508 non
413 2445 637 2508 detractavere
661 2442 841 2527 negotium,
864 2441 1019 2527 amplecti
1052 2449 1263 2527 properantes
1286 2445 1374 2508 tanti

324 2548 387 2612 viri
410 2545 639 2633 patrocinium.
688 2545 811 2608 Eorum
835 2545 939 2630 igitur
963 2551 1079 2630 rogata
1101 2545 1263 2610 voluntas.
1312 2547 1374 2613 Ac·
1387 2557 1526 2608 TheYork

325 2651 428 2715 currit
458 2650 610 2714 ultronea
641 2649 807 2712 sententia
837 2648 984 2712 omnium
1008 2625 1475 2755 10111011,111111ὺὶ011011ξὲζῇἓ

324 2775 517 2838 repugnans.
566 2752 606 2815 In
632 2751 823 2815 Oswaldurn
855 2750 968 2834 itaque
997 2755 1075 2814 vota
1098 2751 1272 2815 conferunt
1300 2753 1376 2816 uni-

325 2856 421 2930 versi,
437 2877 474 2919 eo
498 2855 586 2940 quod
610 2875 677 2918 non
697 2853 879 2938 apparebat
901 2853 1033 2936 dignior
1055 2853 1112 2937 qui
1135 2855 1378 2939 episcoparetur

323 2959 359 3021 in
375 2959 450 3022 sede
465 2958 614 3022 secunda
654 2957 701 3020 At
723 2957 776 3020 vir
791 2955 854 3019 Dei
874 2955 930 3040 qui
955 2977 1051 3019 omne
1071 2955 1211 3020 sublime
1235 2957 1378 3022 declina-

324 3060 383 3123 bat
399 3061 493 3144 quasi
513 3058 745 3144 praecipitium,
761 3057 913 3120 idoneam
930 3057 1131 3121 occasionem
1146 3063 1264 3123 nactus
1280 3080 1377 3124 excu-

325 3162 428 3238 sandi,
444 3161 622 3248 praetendit
643 3181 796 3246 sponsam
819 3159 968 3244 primam,
985 3160 1100 3225 nolens
1119 3161 1259 3246 primam
1278 3162 1376 3227 fidem

325 3265 454 3329 irritam
478 3265 593 3340 facere,
615 3285 675 3328 nec
698 3262 878 3328 adulterari
902 3261 938 3325 in
968 3261 1039 3348 lege
1062 3261 1125 3327 Dei
1153 3264 1221 3329 Sui.
1269 3265 1377 3331 Insta-
1390 3270 1515 3348 Osqalc’s

325 3369 409 3434 bant
443 3365 562 3441 caeteri,
586 3363 811 3428 sollicitabant
845 3349 965 3441 omnes,
989 3365 1197 3431 clamitantes
1220 3367 1376 3452 quoniam
1390 3337 1531 3388 heromo.

326 3467 512 3534 aDomino
536 3488 684 3552 egressus
716 3471 766 3530 est
801 3486 915 3542 serm0,
939 3488 999 3531 nec
1027 3465 1070 3531 ab
1092 3490 1130 3532 eo
1154 3469 1272 3535 debere
1303 3494 1378 3558 pro·

324 3571 381 3657 jioi
405 3569 568 3634 desideria
590 3568 794 3654 populorum.
843 3568 904 3632 Ille
927 3574 1040 3634 autern
1063 3579 1314 3657 argumentosus
1336 3575 1379 3640 ad

327 3695 450 3750 causas,
466 3693 555 3736 nuno
577 3671 663 3736 hanc
685 3693 775 3736 nunc
797 3671 898 3748 illam,
923 3677 1087 3756 postremo
1110 3695 1145 3738 so
1169 3679 1264 3740 tanto
1288 3678 1380 3741 oneri

327 3777 486 3862 imparem
524 3774 698 3838 asserebat.
761 3771 1022 3838 Perseverabant
1058 3774 1116 3838 alii
1154 3776 1190 3839 in
1228 3782 1308 3842 voto
1346 3785 1381 3843 et

327 3877 590 3962 archiepiscopus
618 3875 653 3938 in
683 3880 855 3960 praecepto,
885 3874 1051 3941 intentare
1080 3883 1216 3961 paratus
1242 3879 1379 3944 anathe-

327 4003 390 4057 ma,
425 3979 583 4065 quoniam
616 3999 720 4064 genus
755 3977 918 4043 idolatriae
953 3983 1004 4042 est
1041 3979 1128 4044 nolle
1166 3981 1377 4066 acquiescere.

328 4083 392 4146 His
422 4079 609 4166 compulsus
639 4079 816 4164 acquievit,
840 4085 875 4143 et
906 4085 1083 4165 coegerunt
1113 4103 1188 4146 eum
1218 4083 1378 4170 archiepi-
1392 4071 1534 4123 Atlasthe

327 4188 496 4270 scopatum
512 4182 683 4266 suscipere,
707 4188 742 4246 et
764 4181 990 4266 episcopatum
1013 4203 1080 4246 non
1101 4183 1258 4261 deserere,
1276 4185 1379 4252 donec
1392 4147 1516 4190 consents.

327 4287 412 4351 alius
447 4283 704 4349 substitueretur
735 4283 860 4348 idonee.
916 4281 1101 4348 Verebatur
1132 4285 1221 4349 enim
1255 4285 1379 4353 Beatus

328 4388 532 4463 Dunstanus,
554 4385 733 4470 timuitque
756 4385 888 4449 noviter
910 4385 1076 4450 institutis
1098 4385 1134 4450 in
1157 4387 1234 4453 sede
1257 4389 1379 4475 episco-

326 4491 394 4576 pali
416 4511 459 4554 no
481 4493 734 4554 concuterentur
755 4487 905 4552 novitate
937 4489 1087 4574 pastoris,
1109 4496 1265 4557 consueto
1295 4515 1379 4579 prce-

326 4592 410 4657 sidio
433 4590 594 4656 destituti.
641 4589 762 4655 Factus
793 4589 905 4675 itaquo
940 4589 1202 4678 archiepiscopus
1233 4594 1379 4662 indoluit

327 4693 541 4758 vehementer
570 4691 746 4778 praepediri
769 4690 833 4756 sibi
856 4691 962 4756 otium
985 4693 1239 4780 contemplandi,
1261 4699 1378 4763 orandi

326 4795 566 4872 assiduitatem,
590 4792 781 4888 quonjam
804 4799 883 4862 V⁰¹⁵0
908 4795 1013 4880 magis
1036 4815 1135 4888 quam
1158 4801 1235 4864 mu
1258 4801 1377 4894 exequi
