3606 5798
580 903 628 954 ro
651 901 822 954 osmxrus
845 901 880 950 11.
904 899 1019 951 sacer
1040 901 1198 954 ruasrm.
1349 885 1414 955 237

360 1089 467 1156 solum
490 1087 713 1167 Dorobemiee‚
736 1089 802 1167 sed,
824 1087 911 1154 siout
934 1087 1027 1154 Beda
1048 1108 1272 1175 saepenumero
1294 1108 1413 1154 memo·

363 1199 425 1272 rat,
449 1193 556 1259 totius
578 1190 765 1258 Britanniae
787 1189 1051 1276 archiepiscopus
1074 1190 1269 1256 destinatur.
1312 1189 1417 1276 Cujus

363 1293 472 1360 laudis
494 1294 577 1359 vitae
600 1297 634 1358 et
650 1291 767 1378 primae
783 1291 958 1378 dignitatis
981 1292 1192 1377 praeconium,
1207 1292 1417 1379 saepe-dictus

361 1393 646 1482 historiographus
687 1393 855 1480 eleganter
892 1393 1050 1480 exprimit
1088 1393 1218 1459 dicens:
1252 1403 1294 1459 Ut
1327 1403 1417 1468 enim,

189 1499 302 1553 ERV·
315 1506 338 1553 ⁸·
362 1498 483 1585 inquit,
505 1506 633 1563 breviter
654 1504 761 1571 dicam,
776 1509 893 1562 tantum
926 1505 1073 1577 profectus
1105 1506 1266 1578 spiritualis
1288 1513 1418 1580 tempore

362 1597 536 1671 praeclatus
558 1595 641 1651 illins
661 1594 827 1666 Anglorum
849 1594 989 1660 ecclesia,
1013 1600 1156 1668 quantum
1177 1613 1327 1669 nunquam
1350 1602 1419 1652 aute

188 1685 223 1736 Η.
233 1685 309 1739 Eis.
321 1691 345 1740 ³.
357 1692 486 1760 potuere,
503 1680 679 1763 ceperunt:
700 1702 794 1756 neque
817 1701 946 1757 unquam
968 1701 1085 1756 prorsus
1103 1703 1139 1742 ex
1154 1703 1211 1757 quo
1223 1686 1418 1753 'Britanniam

361 1777 511 1850 petierunt
531 1773 635 1846 Angli,
658 1773 790 1829 feliciora
804 1773 923 1829 fuerunt
945 1779 1085 1846 tempora,
1102 1775 1172 1830 dum
1195 1781 1225 1831 et
1247 1775 1419 1832 fortissimos

362 1865 601 1936 Christianosque
640 1863 780 1919 habentes
816 1879 900 1934 reges
938 1863 1051 1919 cunctis
1089 1864 1219 1920 barbaris
1250 1865 1420 1921 nationibus

360 1959 457 2012 essent
478 1953 593 2021 terrori,
609 1959 639 2008 et
661 1952 793 2008 omnium
808 1955 877 2008 vota
899 1952 936 2007 ad
958 1969 1052 2025 nuper
1066 1953 1167 2008 audita
1189 1953 1313 2010 calestia
1334 1955 1420 2026 regni

361 2044 469 2116 gaudia
502 2042 673 2116 penderent,
696 2047 727 2097 et
757 2041 923 2114 quicunque
957 2041 1130 2098 lectionibus
1162 2043 1251 2100 sacris
1281 2048 1421 2118 cuperent

362 2133 483 2200 erudiri,
506 2133 649 2189 haberant
670 2131 702 2186 iu
725 2135 863 2203 promptu
885 2131 1041 2202 magistros
1064 2132 1115 2204 qui
1138 2131 1284 2189 docerent.

407 2213 565 2280 Pervenit
597 2213 703 2299 igitur
733 2209 925 2276 Theodorus
956 2211 1000 2277 ad
1032 2212 1201 2279 ecelesiam
1235 2235 1330 2280 suam
1353 2235 1421 2279 non

360 2315 494 2382 aliunde
510 2314 568 2380 sed
583 2312 626 2380 ab
642 2312 832 2399 Apostoliea
853 2312 935 2378 sede·
945 2311 1098 2403 directus,
1113 2322 1271 2379 eomitante
1291 2323 1422 2380 Adriano

363 2417 464 2502 (sicut
493 2415 585 2482 Beda
622 2415 763 2500 refart);
797 2423 848 2496 qui
885 2429 1053 2496 cooperator
1089 2423 1226 2491 existens,
1264 2425 1422 2496 diligenter

244 2533 251 2547 ·
361 2516 524 2572 attenderet
545 2533 584 2571 ne
606 2513 677 2586 quid
699 2505 751 2568 ille
780 2512 958 2569 contrarium
988 2512 1105 2569 veritati
1128 2513 1197 2569 fidei
1220 2509 1254 2570 et
1277 2506 1421 2572 ecclesiae

362 2605 530 2662 Graeoorum
567 2621 647 2660 more
693 2601 725 2657 iu
763 2602 914 2658 ecelesiam
952 2602 999 2658 cui
1037 2607 1174 2674 praesset
1204 2602 1421 2660 introduceret:

359 2712 483 2767 moxque
498 2698 652 2768 peragrata
673 2692 770 2747 insula
792 2696 863 2757 tota,
888 2708 1119 2763 quaquaversum
1133 2691 1298 2762 Anglorum
1320 2699 1422 2764 gentes

361 2784 560 2850 morabantur,
583 2773 664 2842 (uam
684 2785 714 2837 et
731 2779 923 2837 libentissime
945 2781 982 2836 ab
997 2781 1132 2836 omnibus
1155 2780 1366 2853 suscipiebatur
1388 2780 1423 2840 ct

361 2866 544 2932 audiebatur)
566 2876 679 2928 rectum
701 2869 820 2926 vivendi
851 2869 984 2926 ordinem
1007 2866 1078 2927 tam
1108 2859 1195 2927 clero
1225 2883 1327 2947 quam
1358 2884 1418 2950 po-

361 2954 440 3040 pulo
455 2961 672 3028 fflmemiuebat,
696 2972 835 3037 quaeque
858 2956 954 3016 erant
976 2949 1137 3016 mutanda
1158 2951 1321 3030 mutabat,
1344 2973 1418 3038 quae

360 3055 554 3142 corrigenda
586 3052 781 3141 corrigebat,
814 3053 909 3139 cujus
943 3053 1091 3139 primatu
1125 3056 1160 3117 et
1182 3051 1333 3120 doctrina
1366 3059 1563 3140 andiendus

360 3157 468 3224 clesiae
490 3161 598 3223 status
621 3176 721 3241 quam
755 3155 982 3242 episcoporum
1016 3173 1174 3220 numerus
1206 3127 1584 3244 proficiebecssitffilllw

362 3269 444 3342 isque
481 3273 545 3325 erat
586 3266 699 3340 primns
737 3265 769 3320 iu
812 3265 1037 3338 archiepiscopis
1070 3253 1293 3338 Dorobcmiae,
1331 3259 1554 3324 sioutwh0le⁰f

363 3349 455 3415 Beda
469 3348 592 3414 eisdem
607 3347 718 3412 verbis
740 3351 893 3424 testatur,
919 3355 968 3412 cui
990 3355 1085 3412 omnis
1108 3353 1274 3425 Anglorum
1297 3357 1419 3414 eeclesia
1431 3327 1556 3392 unguas.

362 3465 466 3504 manus
488 3447 557 3502 dam
580 3445 766 3506 consentiret.
916 3509 921 3520 ·

405 3527 475 3594 Ubi
509 3533 591 3593 tunc
632 3523 888 3592 Eboracensium
922 3524 994 3592 haec
1024 3546 1113 3594 nova
1144 3535 1180 3597 et
1212 3525 1417 3593 admirabilis
1430 3531 1544 3608 whence

361 3628 535 3708 industria,
558 3648 633 3713 quae
652 3626 724 3714 jam
755 3625 791 3704 in
823 3627 1012 3692 novissimis
1034 3627 1150 3696 diebus
1173 3629 1258 3695 male
1281 3627 1418 3694 molitur
1430 3596 1559 3727 ξξζξζζῃ

361 3731 486 3818 eripere
518 3727 607 3815 quod
625 3727 697 3814 jam
729 3727 866 3796 ecclesia
896 3726 1146 3796 Oantuariensis
1179 3751 1239 3818 per
1260 3729 1591 3816 quadrin-0ffl10Y01k

360 3837 477 3918 gentos
499 3835 535 3896 et
557 3850 596 3896 eo
617 3827 761 3917 emplius
783 3849 886 3894 annos
901 3829 1062 3896 inviolate
1085 3833 1207 3898 meruit
1229 3798 1521 3918 possidere?people

363 3934 435 4001 Nee
471 3932 610 3998 historia
643 3933 748 4010 docet,
779 3953 840 3998 nee
882 3933 1040 4000 memoria
1071 3938 1164 4000 tenet
1196 3935 1327 4019 quando
1361 3955 1420 4020 per

362 4043 432 4104 tam
455 4035 651 4101 diuturnum
685 4033 830 4120 spatium
853 4033 998 4120 primatu
1033 4057 1093 4102 suo
1115 4036 1251 4104 ecclesia
1273 4035 1420 4102 Cantus·

362 4138 481 4204 rieusis
503 4141 606 4202 exuta
627 4133 729 4201 fuisse
753 4135 891 4213 dicatur,
914 4135 980 4201 nisi
1012 4136 1109 4204 modo
1141 4139 1274 4224 quando
1297 4137 1419 4210 Ebora-

363 4241 512 4308 ocnsium
543 4239 690 4306 novitas*
707 4238 744 4302 in
775 4241 922 4303 nostram
954 4238 1112 4325 injuriam
1143 4241 1357 4307 vehementer
1387 4246 1421 4306 et

364 4363 518 4430 prospere
550 4341 720 4419 elevatur;
757 4337 812 4405 vel
850 4339 948 4405 Beati
983 4340 1133 4428 Gregorii
1164 4343 1218 4408 vel
1253 4364 1420 4409 sacrorum

193 4451 229 4506 11.
239 4450 270 4502 n.
282 4447 315 4501 iv.
327 4455 352 4501 2·
365 4464 529 4511 canonum
563 4442 762 4509 auctoritate
794 4439 977 4520 didicimus,
1001 4451 1071 4523 quie
1101 4452 1240 4526 quiequid
1262 4455 1354 4510 alters
1375 4471 1420 4512 ec-

364 4541 453 4598 elesia
486 4541 590 4598 saltem
618 4558 671 4613 per
712 4539 837 4611 triginta
869 4540 916 4596 vel
958 4541 1152 4613 quadraginta
1182 4561 1274 4600 annos
1308 4543 1421 4600 illibate

365 4631 474 4688 meruit
506 4631 647 4696 obtinere,
681 4629 802 4685 alterius
833 4629 1017 4702 postmodum
1062 4631 1191 4688 ecclesia
1217 4633 1421 4706 ¹improbitate

364 4739 424 4778 non
462 4719 566 4777 <lehem
599 4719 742 4776 emittere.
808 4709 915 4776 Nobis
948 4715 1060 4778 autem
1095 4713 1242 4779 omnium
1279 4713 1420 4779 miserri-
