3454 5816
400 873 466 936 494
824 884 1010 934 arcannm.

397 1098 450 1136 sus
487 1079 604 1136 dioecesi
635 1081 762 1150 regulari
800 1079 964 1152 disciplina,
999 1078 1099 1150 ejectis
1133 1079 1247 1135 clericis
1279 1077 1459 1132 laminarum

397 1171 573 1226 consortium
611 1171 739 1225 ecclesiis
772 1171 1026 1242 anteponentibus,
1059 1169 1207 1232 instituit;
1245 1167 1379 1237 delegato
1411 1167 1459 1222 cis

397 1278 483 1331 super
505 1279 540 1314 ca
563 1279 627 1330 quio
651 1261 778 1315 ccclesiae
803 1261 883 1332 prins
910 1260 1056 1315 habebant
1089 1265 1172 1314 tanto
1194 1276 1229 1313 ex
1252 1258 1459 1312 munificentia

396 1351 482 1419 regis,
507 1355 537 1404 ct
559 1350 682 1404 aliorum
705 1351 870 1422 principum
892 1351 977 1421 regni
1000 1349 1126 1404 subsidio
1149 1366 1257 1412 rernm,
1282 1353 1315 1402 ut
1336 1347 1457 1402 cohabi-
1503 1367 1505 1370 ·

396 1440 525 1494 tontibus
547 1440 689 1496 sufficeret
709 1440 746 1494 ad
769 1441 878 1496 rictum
902 1446 932 1495 et
954 1441 1100 1494 vestitum.

720 1657 928 1724 Gariannum
953 1657 1137 1724 Oorsvun.

229 1831 380 1882 Therisiou
445 1829 715 1902 Wyncelcumbensi
738 1848 806 1885 vero
829 1830 1015 1894 monasterio,
1040 1831 1116 1902 quod
1149 1829 1185 1884 ds
1207 1833 1317 1901 septem
1355 1847 1454 1883 unum
1469 1831 1603 1894 sauma,

230 1898 347 2014 ἔξω
402 1925 474 1986 erat,
499 1925 790 1991 supra-memoratum
814 1919 993 1976 Germanum
1017 1919 1048 1974 in
1072 1919 1205 1974 abbatem
1240 1919 1398 1982 ordinarit,
1422 1925 1455 1974 et
1468 1913 1495 1960 Ρ·
1508 1903 1557 1948 ²¹·

254 1967 277 2014 ⁰¹
296 1966 379 2015 ΜΕ
401 2009 467 2064 aliis
491 2010 615 2080 singulis
638 2009 768 2080 singulos
792 2009 822 2062 in
845 2009 986 2080 religione
1002 2009 1136 2080 probatos
1155 2009 1271 2064 abbates
1282 2009 1451 2080 praeposuit.
1701 1981 1702 2054 1

403 2099 445 2153 De
468 2099 571 2170 quibus
595 2099 723 2169 quidam,
760 2099 912 2154 Folbertus
943 2099 1072 2164 nomine,
1106 2099 1287 2154 Perscorensi
1309 2099 1451 2162 ecclesiae,

400 2207 465 2259 qnae
500 2207 559 2244 una
593 2189 629 2243 dc
662 2195 773 2260 septem
796 2188 950 2254 abbathiin,
975 2189 1113 2260 praelatns
1147 2193 1208 2254 est;
1243 2189 1289 2242 vir
1320 2188 1452 2242 moribus

398 2279 496 2348 gravis
529 2285 558 2334 ct
592 2279 821 2334 ferventissimus
844 2279 938 2333 cultor
961 2277 1138 2336 monachice
1162 2277 1364 2342 institutionis,
1398 2278 1451 2332 sed

400 2367 430 2422 in
465 2369 605 2432 subditos,
638 2368 715 2439 quod
749 2368 834 2423 valde
867 2368 897 2424 in
930 2387 964 2423 eo
997 2368 1271 2441 reprehendebatur,
1295 2367 1396 2422 nimiae
1420 2373 1451 2421 et

398 2458 562 2512 indiscretm
586 2457 757 2513 severitatis.
815 2458 875 2512 Istc
907 2449 943 2511 in
977 2463 1106 2514 extrema
1138 2457 1303 2529 perductus,
1327 2463 1357 2510 et
1378 2456 1449 2511 huic·

397 2549 466 2602 vitae
490 2548 658 2613 subductus,
683 2553 769 2618 atque
793 2547 824 2601 in
857 2548 963 2601 feretro
997 2553 1177 2602 mortuorum
1210 2565 1290 2601 more
1325 2546 1448 2607 locatus.

397 2644 512 2708 recepto
536 2635 641 2709 spiritu
663 2637 878 2708 trepidantibus
911 2637 1024 2691 cunctis
1049 2637 1142 2692 erexit
1163 2655 1202 2692 se.
1250 2637 1347 2706 Igitur
1369 2635 1447 2705 lugi-

398 2727 514 2781 entihns
536 2728 612 2792 aliis,
629 2728 767 2798 praefatns
791 2727 953 2782 Germanus
968 2727 1098 2791 accessit,
1115 2726 1265 2782 sciscitans
1281 2743 1338 2797 qno
1360 2725 1408 2780 rel
1431 2744 1450 2779 a

398 2835 454 2887 qno
478 2817 581 2871 ductus
604 2817 653 2882 sit,
677 2817 748 2888 quid
770 2815 888 2880 viderit,
912 2817 984 2887 qnid
1007 2816 1051 2870 illi
1074 2815 1240 2887 contigerit,
1265 2822 1295 2870 et
1317 2815 1354 2869 ob
1377 2815 1449 2885 quid

397 2923 527 2960 rcrersus
550 2906 597 2960 sit.
644 2906 686 2960 At
709 2906 769 2970 illo,
793 2925 822 2961 se
846 2924 863 2960 a
885 2907 970 2961 beato
993 2906 1149 2960 Benedicto
1173 2906 1204 2960 in
1228 2906 1370 2960 visionem
1393 2904 1449 2958 Dei

397 2996 569 3066 perductum
603 2995 703 3060 luisse,
727 3001 757 3049 et
791 2995 884 3051 Deum
918 3013 970 3050 sua
1004 3001 1120 3068 peccata
1155 2995 1266 3050 meritis
1300 2994 1449 3048 dilectoris

399 3085 451 3140 Sui
475 3085 600 3140 Oswaldi
624 3085 679 3139 sibi
695 3085 861 3149 indulsisse,
877 3091 964 3156 atque
986 3086 1024 3140 ad
1047 3085 1239 3140 intimandam
1263 3085 1449 3139 sanctitatem

398 3173 489 3244 ipsius
511 3175 604 3244 patris
627 3193 657 3229 se
679 3174 818 3229 revixisse
840 3174 999 3245 respondit.
1057 3175 1169 3230 Rursus
1192 3193 1327 3245 quaenam
1342 3175 1447 3237 forma,

398 3264 449 3334 qni
482 3263 609 3330 habitus,
633 3264 699 3334 quis
731 3265 823 3334 patris
846 3264 997 3319 Benedicti
1029 3264 1185 3319 comitatus
1218 3263 1348 3319 extiterit
1379 3280 1444 3333 per·

398 3357 560 3418 cunctatus,
578 3354 700 3408 formam
715 3351 778 3423 ejus
794 3353 872 3408 ultra
886 3353 1045 3408 humanam
1061 3353 1285 3408 aestimationem
1300 3353 1447 3417 decoram,

397 3443 530 3497 habitum
553 3460 735 3513 gemmarum
757 3443 852 3498 nitore
875 3443 1094 3514 praefulgidum,
1118 3443 1288 3498 comitatum
1312 3442 1446 3496 innume-

397 3533 437 3588 ris
461 3533 680 3588 candidatorum
704 3532 834 3588 millibus
866 3531 1084 3598 monachornm,
1108 3538 1138 3588 et
1171 3531 1447 3604 speciosissimarum

397 3623 662 3678 sanctimonialium
686 3623 835 3694 respondit
857 3641 918 3678 esse
940 3623 1142 3694 compositum.
1197 3623 1260 3692 Quo
1282 3621 1360 3676 dicto
1375 3639 1443 3676 con-

398 3712 492 3778 ticuit,
517 3719 547 3768 et
577 3719 694 3784 accepto
725 3712 832 3767 viatico
864 3711 1012 3766 Dominici
1047 3711 1173 3783 corporis
1189 3711 1344 3788 dimidium
1367 3710 1444 3765 diem

397 3802 566 3874 supervixit,
589 3803 686 3874 itaque
707 3801 799 3862 vitam
823 3801 904 3856 obitu
926 3801 1030 3858 iterato
1053 3801 1160 3857 finivit.

732 4005 941 4072 Osrnunun
972 4006 1005 4070 N
1008 4021 1118 4071 onon.

227 4206 348 4257 phem,
442 4173 567 4264 Praeter
589 4183 652 4238 haeo
675 4182 705 4236 in
729 4179 795 4237 aliis
818 4181 937 4253 Angliee
960 4181 1091 4252 partibus
1114 4181 1151 4236 ad
1175 4180 1341 4254 parochiam
1364 4199 1446 4236 suam
1461 4183 1503 4234 ld.
1516 4200 1562 4252 pp.
1574 4194 1623 4238 ‘tl-

227 4273 351 4324 nasteries
396 4287 463 4328 non
495 4273 707 4344 pcrtinentibus
745 4272 875 4341 insignes
898 4271 1032 4326 ecclesias
1070 4271 1106 4324 ob
1144 4271 1291 4342 praefixam
1330 4289 1447 4325 causam
1462 4256 1489 4300 ²·

226 4341 374 4458 {efgmedld
396 4363 509 4418 clericis
540 4362 700 4427 evacuavit,
740 4367 770 4416 ct
807 4379 854 4416 eas
903 4365 1061 4416 memoratu
1098 4359 1270 4414 auctoritate
1307 4359 1448 4416 subnixus

242 4424 259 4472 y
297 4423 348 4458 m
376 4443 466 4507 'viris
500 4452 667 4506 monasticae
701 4451 894 4505 institutionis
917 4449 1094 4504 sublimavit.
1152 4451 1227 4505 Sunt
1258 4454 1355 4508 autem
1387 4450 1445 4519 hae,

396 4543 516 4596 cocleam
549 4541 667 4611 pretiosi
706 4541 843 4612 martyris
881 4540 990 4596 Christi
1028 4538 1147 4604 Albani,
1186 4540 1307 4595 ecclesia
1330 4539 1446 4596 Sancta

397 4631 588 4685 Etholdrithw
611 4617 736 4701 virginis
758 4631 790 4684 in
814 4631 901 4701 Hely,
925 4635 955 4684 ct
985 4629 1038 4683 illa
1070 4647 1134 4701 quae
1157 4629 1235 4700 apud
1258 4629 1446 4686 Boamfleaam

397 4721 555 4774 constituto
578 4720 756 4774 honorabilis
778 4719 945 4774 habebatur.
992 4719 1110 4774 Prolati
1126 4725 1285 4790 quoquest
1307 4718 1371 4775 istis
1393 4737 1447 4792 per

397 4830 463 4867 cuni
498 4814 566 4864 sunt
598 4809 707 4880 singuli
742 4815 849 4881 patros,
873 4809 1002 4864 Alfricus
1037 4808 1158 4874 scilicet,
1201 4826 1286 4879 quem
1324 4810 1446 4866 ecclesia
