3586 5802
552 839 556 850 ⁴
636 882 679 930 sr
703 883 804 930 nucu
828 885 897 930 rna
921 883 1093 932 ausuros.
1321 871 1384 932 169

330 1065 477 1142 Francia,
500 1069 535 1131 et
564 1065 700 1132 aliunde
734 1067 911 1132 nonnullis.
959 1068 1033 1132 Rex
1068 1089 1147 1133 vero
1180 1066 1278 1153 paulo
1310 1073 1385 1153 post
1400 1070 1455 1147 (she
1468 1075 1545 1120 meet-

329 1189 403 1232 cum
437 1166 507 1232 filio
538 1189 598 1234 suo
621 1167 798 1246 Willelmo,
822 1190 899 1236 cum
932 1169 1095 1254 episeopis
1130 1173 1164 1234 et
1198 1167 1385 1247 abbatibus,
1399 1138 1555 1254 {pmcn

329 1291 404 1336 cum
427 1291 598 1356 procerum
621 1276 656 1336 et
685 1271 832 1338 militum
856 1271 962 1336 multo
992 1271 1154 1336 comitatu
1188 1271 1230 1336 ad
1265 1291 1386 1356 papam

330 1370 485 1457 regaliter
507 1373 609 1438 venit
655 1371 687 1436 A
710 1394 775 1458 quo
797 1371 974 1440 honorifice
990 1370 1180 1456 Apostolico
1204 1393 1293 1436 more
1317 1395 1386 1438 sus-

331 1478 445 1558 ceptus
467 1479 527 1552 est,
542 1479 577 1539 et
599 1473 682 1540 satis
696 1473 896 1540 alterutrum
919 1471 1141 1560 congratulati
1163 1477 1250 1538 sunt.
1297 1474 1386 1540 Nam
1398 1483 1472 1548 They
1483 1498 1547 1534 were

331 1581 451 1662 praeter
480 1575 689 1662 spiritualem
723 1577 828 1662 patris
859 1581 893 1640 et
927 1575 988 1640 filii
1022 1573 1225 1653 relationem,
1264 1551 1554 1667 carnalifflgtffssh

330 1679 618 1764 consanguinitate
640 1678 820 1765 propinqui
843 1682 946 1758 erant,
970 1698 1110 1763 quorum
1137 1697 1221 1744 avus
1243 1682 1279 1744 et
1309 1679 1388 1746 avia

330 1781 432 1847 frater
453 1786 488 1848 et
510 1803 601 1848 soror
623 1781 772 1848 fuerunt.
1326 1809 1329 1818 v

377 1883 450 1950 Rex
481 1884 685 1952 Francorum
718 1906 779 1950 nec
801 1883 896 1950 venit
919 1905 980 1950 nec
1013 1885 1194 1964 misitsed
1225 1885 1262 1952 in
1285 1883 1387 1952 Seno·
1399 1883 1454 1934 The
1465 1883 1529 1950 king

332 1985 406 2053 nica
430 1985 537 2073 (urbe)
562 1986 659 2074 longe
682 1991 830 2052 remotus
852 1989 933 2052 erat
979 1985 1143 2052 Dominus
1165 2009 1252 2074 pape
1274 1993 1387 2054 tamen
1398 1951 1546 2069 ieiumi,

332 2109 406 2154 cum
428 2110 504 2176 rege
527 2094 640 2156 nostro
663 2090 745 2156 satis
767 2088 1005 2154 sermonicatus
1028 2094 1079 2156 est
1113 2090 1154 2155 de
1188 2112 1267 2176 pace
1299 2092 1386 2157 inter
1398 2085 1471 2136 Sena.

332 2212 386 2256 eos
416 2190 577 2270 facienda,
612 2191 788 2258 ostendens
822 2190 910 2256 mala
943 2189 1150 2272 multimoda,
1183 2193 1385 2270 vastitatem,
1398 2201 1530 2282 uhepope

333 2297 563 2380 paupertatem
596 2294 787 2371 multorum,
820 2299 855 2358 et
886 2291 1144 2371 mendicitatem,
1167 2295 1326 2374 miserias,
1350 2300 1385 2360 et
1398 2285 1540 2388 {zffim

333 2398 515 2463 occasiones
537 2419 612 2483 quae
636 2398 676 2462 de
699 2396 862 2462 discordia
885 2417 997 2460 eorum
1014 2401 1244 2481 provenerant,
1266 2402 1483 2483 praeterreaee-

334 2520 407 2583 quae
430 2499 592 2586 deinceps,
628 2500 655 2564 si
686 2499 831 2576 duraret,
854 2497 962 2564 multa
995 2498 1168 2583 provenire
1200 2499 1386 2566 timendum

334 2605 413 2668 erat.
474 2602 548 2667 Rex
581 2607 693 2668 noster
724 2600 882 2687 injuriam
912 2599 1000 2686 regis
1033 2599 1191 2678 Franciae,
1225 2605 1260 2666 et
1292 2623 1386 2668 suam

333 2725 489 2773 enarrans
507 2703 685 2791 justitiam,
708 2705 795 2770 sicut
820 2703 967 2790 prudens
990 2707 1025 2768 et
1058 2703 1235 2781 modestus,
1258 2703 1386 2790 placide

333 2812 368 2873 et
389 2807 563 2874 humiliter
596 2808 785 2894 respondit:
823 2807 903 2872 “De
935 2806 1098 2874 discordia
1129 2806 1232 2885 doleo,
1272 2829 1385 2893 pacem
1399 2807 1540 2888 Hearyex5

334 2919 350 2945 “
373 2909 531 2990 desidero,
563 2931 624 2977 nec
657 2911 694 2975 in
724 2931 777 2976 me
798 2913 948 2975 remanet
971 2909 1053 2995 quin
1083 2907 1225 2976 libenter
1255 2877 1549 2994 secerimt’gsslffissssffl

335 3019 352 3046 ‘¹
374 3017 409 3076 et
430 3012 535 3079 facere
558 3013 660 3078 velim
683 3012 843 3099 quicquid
865 3012 935 3098 regi
958 3011 1107 3078 Franciae
1129 3011 1199 3076 dux
1223 3011 1386 3078 Nonnan-
1399 3015 1425 3086 3⁰
1438 3010 1548 3060 uowhat

336 3121 352 3149 u
375 3114 441 3180 niae
464 3115 590 3180 debet'„
1400 3090 1423 3126 rs
1434 3075 1509 3142 right.

380 3215 581 3295 Oardmales,
604 3217 683 3303 quia
706 3217 773 3282 illis
795 3239 863 3284 non
885 3216 1047 3282 adhibitis
1079 3238 1166 3304 papa
1203 3239 1278 3284 oum
1312 3229 1454 3306 rege'lho
1467 3246 1521 3281 ear-

335 3319 490 3386 secretius
521 3321 651 3406 egebat,
685 3320 823 3386 hortatu
855 3319 982 3386 domini
1005 3319 1158 3398 Cononis,
1189 3321 1248 3406 qui
1281 3320 1387 3388 archi·
1400 3297 1535 3415 fffflffi

335 3423 524 3508 episcopum
547 3427 699 3488 nostrum
722 3423 866 3488 multum
890 3423 1061 3510 diligabat,
1092 3423 1302 3509 aliquantum
1334 3423 1387 3488 in·
1399 3444 1475 3480 cause
1486 3432 1529 3482 the

335 3526 511 3613 dignantes
533 3525 577 3591 ab
600 3524 736 3592 ecclesia
758 3526 921 3602 exierunt,
944 3531 988 3602 et,
1020 3526 1125 3606 credo,
1158 3527 1313 3591 timentes
1344 3547 1386 3592 ne
1399 3497 1547 3615 {ffffl‘

336 3629 377 3694 de
399 3627 600 3714 professione
622 3631 737 3693 nostra
767 3627 995 3712 temporaliter
1015 3627 1070 3692 vel
1102 3628 1317 3714 personaliter
1338 3626 1387 3693 fa-
1399 3629 1428 3679 in
1440 3630 1546 3694 private.

336 3731 454 3799 cienda
476 3733 685 3818 aliquatenus
707 3731 778 3818 regi
801 3731 1009 3798 consentiret.
1056 3730 1184 3811 Quibus
1218 3733 1389 3812 revocatis,

335 3834 372 3898 in
409 3834 580 3920 publicum
618 3839 733 3920 postea
771 3839 892 3900 cuncta
928 3833 1070 3919 probata
1106 3839 1192 3899 sunt
1253 3834 1390 3900 Habitis

337 3937 425 4001 inter
447 3959 481 4001 se
504 3937 545 4001 de
568 3941 660 4001 statu
683 3941 718 4000 et
733 3935 856 4000 honore
871 3940 994 4000 sanctae
1010 3934 1153 4002 ecclesiae
1176 3937 1390 4014 sermonibus,

336 4045 372 4106 et
394 4039 434 4104 de
457 4039 568 4124 quiete
591 4039 694 4126 ipsius
717 4044 753 4104 et
784 4039 1015 4124 inquietudine
1047 4039 1225 4104 secundum
1260 4040 1391 4106 diversa

334 4141 414 4220 loca,
452 4147 488 4206 et
524 4141 692 4227 aliquibus
728 4141 822 4206 seriis
853 4145 888 4206 et
909 4141 993 4226 jocis
1026 4140 1181 4219 honestis
1206 4140 1247 4206 de
1281 4142 1388 4209 archi-
1401 4154 1525 4234 turstip’s

336 4245 488 4330 episcopo
510 4249 624 4310 nostro
647 4265 752 4310 sermo
768 4244 919 4329 inceptus
940 4249 998 4308 est.
1044 4242 1135 4328 Papa
1156 4248 1192 4308 et
1206 4245 1389 4312 cardinales
1401 4222 1512 4342 fflffi

337 4353 372 4412 et
393 4347 528 4434 plurimi
551 4347 610 4433 qui
632 4347 771 4414 aderant
793 4346 875 4412 satis
906 4345 1001 4411 illurn
1023 4345 1213 4426 laudabant,
1237 4347 1278 4414 de
1300 4351 1476 4437 sapi-upon.

336 4451 437 4530 entia,
468 4451 652 4530 honestate,
673 4450 843 4529 modestia,
877 4449 918 4514 de
960 4471 1069 4517 amore
1104 4471 1182 4538 erga
1215 4452 1388 4520 dominum

337 4577 443 4622 suum.
491 4555 739 4622 Invehebantur
770 4553 807 4618 in
840 4551 1112 4620 Cantuariensem
1145 4555 1234 4640 quod
1266 4555 1390 4624 Ebora-

338 4659 444 4724 censis
483 4657 617 4725 ecclesia
660 4657 790 4724 tamdiu
829 4657 938 4724 suerat
974 4677 1034 4744 pro
1066 4676 1133 4724 non
1172 4658 1235 4727 sibi
1270 4661 1390 4728 debitae

338 4761 551 4848 professionis
583 4759 755 4828 exactione
786 4760 929 4848 pastoris
962 4759 1123 4847 regimine
1155 4761 1309 4843 desolata,
1333 4786 1393 4831 nec
