3410 5840
393 907 457 968 510
814 917 1004 968 nrrnnurx.

220 1120 362 1170 Themin·
437 1113 487 1173 21.
512 1107 732 1174 Carnuntem
756 1106 900 1173 Sanctus
924 1107 1098 1174 Oswaldua
1121 1110 1157 1172 in
1176 1109 1356 1194 juventute
1378 1131 1447 1174 sua
1462 1127 1601 1185 Esaeae,

221 1190 360 1317 {lssffiyof
391 1213 426 1276 in
459 1211 607 1277 coenobio
647 1211 845 1276 Floriaccnsi
885 1211 989 1276 vitm
1028 1212 1243 1276 monasticam
1280 1213 1314 1276 in
1349 1213 1446 1276 omni
1461 1211 1513 1258 pp
1532 1199 1626 1244 11-12‘¹

219 1321 338 1371 taenea
391 1315 525 1379 duceret
555 1315 743 1393 sanctitate,
771 1314 873 1399 juxta
903 1313 1010 1378 locum
1042 1315 1078 1377 in
1108 1335 1175 1400 quo
1203 1340 1286 1378 orare
1317 1324 1443 1390 solebat,

221 1391 355 1447 P¹⁰⁸⁰¹¹⁰⁰¹
390 1410 462 1469 erat
485 1419 586 1484 crypta
609 1414 758 1484 (paredam,
785 1431 845 1484 praa
869 1412 978 1467 foribus
1001 1403 1096 1488 cujus
1118 1413 1271 1469 duodecim
1300 1432 1444 1486 pauperes

221 1453 349 1585 gillam.
390 1500 630 1570 conversantes,
664 1493 868 1573 qnotidianam
891 1503 1003 1557 rictam
1037 1515 1058 1558 a
1080 1494 1281 1560 monasterio
1310 1496 1442 1582 percip-

220 1590 331 1706 ὂζᾞά
388 1597 511 1674 iebant,
545 1597 585 1661 de
617 1595 738 1682 quibus
768 1595 841 1660 viro
885 1595 950 1660 Dei
981 1617 1089 1662 sacras
1131 1596 1257 1662 hostias
1288 1597 1443 1663 offerenti

389 1723 475 1765 arnus
498 1699 685 1764 ministrare
701 1697 847 1766 solebat}
885 1707 1016 1777 Quadam
1031 1699 1120 1764 enim
1136 1707 1183 1764 die
1199 1699 1280 1764 dum
1295 1699 1441 1768 Sanctus

389 1810 464 1889 post
488 1801 708 1887 Evangelium
731 1807 821 1864 oculis
852 1809 883 1865 in
907 1810 1012 1864 oaelum
1040 1800 1157 1866 erectis
1178 1812 1338 1866 orationem
1360 1831 1441 1884 prae-

389 1905 528 1966 mitteret,
564 1901 640 1956 vidit
677 1901 811 1954 minister
845 1899 908 1970 ejus
946 1900 1097 1955 reverendi
1134 1900 1234 1954 vultus
1272 1919 1438 1972 personam,

389 1993 625 2048 carulidissimum
663 2009 778 2062 panem,
813 1981 871 2045 sed
910 1979 1099 2066 quantitate
1138 1980 1313 2058 modicum,
1357 1993 1438 2048 inter

388 2101 501 2147 ritanus,
527 2100 597 2152 spiras
621 2099 710 2151 usquo
733 2080 770 2134 ad
793 2085 882 2152 caput
905 2097 990 2134 suum
1013 2087 1160 2150 porrectas
1189 2079 1324 2146 habebut,
1347 2082 1440 2152 digno

390 2191 455 2226 cnm
493 2173 602 2225 honoro
629 2175 786 2234 tenentem,
826 2166 860 2224 et
894 2168 963 2224 licet
1000 2170 1092 2223 nimio
1126 2176 1236 2224 terrore
1268 2173 1440 2241 perterritus

390 2263 593 2332 obstupuisset,
621 2259 760 2314 sustinuit
790 2264 899 2324 tamen,
923 2276 977 2314 neo
1012 2259 1139 2314 subitam
1161 2250 1306 2336 arripere
1337 2261 1440 2332 lugam

389 2343 504 2406 voluit.
562 2351 672 2404 Verum
708 2362 784 2404 cum
818 2349 941 2404 eundem
976 2367 1082 2420 panem
1113 2340 1294 2406 sec-undum
1331 2363 1438 2407 sacer·

389 2433 476 2496 dotis
499 2431 535 2494 in
559 2431 662 2493 Missa
688 2451 874 2514 processum
904 2439 1059 2510 paullatim
1081 2454 1218 2504 erescere,
1242 2451 1281 2496 ac
1311 2440 1438 2496 insolite

389 2529 600 2599 magnitudinis
632 2529 785 2583 crescendo
821 2529 882 2583 lieri
916 2529 1075 2599 conspexit,
1106 2529 1184 2584 ultra
1222 2530 1347 2586 residere
1377 2550 1438 2586 nou

388 2639 484 2685 ausus,
508 2624 589 2673 extra
612 2621 718 2672 ostium
739 2609 821 2694 fuga
844 2619 941 2688 lapsus
965 2623 1017 2672 est.
1065 2618 1215 2675 Remansit
1239 2619 1336 2690 itaque
1358 2639 1438 2692 pres-

388 2711 472 2782 byter
494 2710 581 2772 solus,
605 2709 706 2778 etqui
730 2707 882 2763 ridebatur
915 2708 946 2762 in
973 2708 1074 2762 dextra
1107 2714 1187 2778 stans
1220 2711 1342 2780 angelus
1363 2711 1438 2782 ejus.

389 2801 523 2854 Minister
546 2816 614 2852 vero
644 2816 695 2868 per
719 2799 796 2852 vires
819 2798 892 2854 ostio
915 2802 1002 2868 caput
1032 2797 1191 2868 ingerebat,
1216 2800 1338 2870 etquid
1361 2802 1439 2856 circa

387 2891 478 2943 altare
513 2893 670 2958 gereretur,
695 2887 825 2957 trepidus
848 2887 1023 2958 explorabat.
1070 2888 1207 2962 Cumque
1241 2889 1304 2944 Dei·
1326 2908 1436 2956 serius,

390 2981 408 3003 “
435 2980 490 3033 Per
514 2979 611 3032 omnia
642 2977 749 3030 saecula
772 2977 975 3040 saeculorum,'’
999 2983 1029 3032 et
1050 2978 1117 3044 alla,
1140 2977 1261 3042 diceret,
1284 2997 1338 3034 nec
1360 2981 1438 3034 ulla-

389 3075 473 3122 tenus
504 3057 699 3137 respondere²
724 3065 852 3131 auderet,
884 3066 998 3120 audiuit
1020 3068 1156 3136 angelum
1189 3067 1226 3121 ud
1251 3069 1367 3138 singula
1392 3087 1438 3124 re·

389 3157 589 3228 spondentem,
613 3162 643 3210 et
673 3156 842 3226 obsequium
872 3155 898 3209 ei
922 3155 1108 3210 deserentem,
1153 3145 1292 3212 Peracta
1321 3153 1436 3214 aulem

389 3239 498 3312 Missa,
522 3233 674 3300 minister
709 3235 947 3320 introspiciens
971 3242 1006 3300 et
1032 3235 1184 3321 angelum
1217 3259 1285 3302 uon
1308 3239 1436 3318 videns,

388 3341 536 3426 trepidus
559 3340 602 3404 ad
633 3340 743 3403 virum
776 3339 839 3404 Dei
870 3339 1013 3415 accessit,
1037 3345 1072 3402 et
1094 3360 1227 3404 causam
1259 3340 1346 3428 fugae
1368 3365 1438 3408 suae

305 3479 310 3488 ·
387 3444 417 3507 ei
440 3442 601 3527 exposuit,
626 3441 793 3506 sciscitans
824 3440 866 3505 ab
898 3461 936 3504 eo
969 3445 1082 3504 utrum
1112 3447 1147 3504 et
1181 3442 1250 3528 ipse
1281 3441 1438 3529 angelum

386 3545 532 3610 vidisset.
580 3544 624 3607 Et
654 3554 727 3608 ille:
760 3542 903 3618 “Bene'’
936 3551 1041 3623 inquit,
1066 3551 1153 3606 “ridi
1188 3559 1219 3608 et
1245 3572 1309 3624 ques
1339 3545 1440 3611 dicis³

388 3645 403 3669 “
427 3644 536 3709 andivi,
561 3643 611 3698 sed
642 3643 828 3697 benedictum
855 3643 894 3696 sit
916 3659 1023 3696 nomen
1055 3641 1109 3696 Dei
1126 3641 1350 3717 omnipotentis,
1368 3648 1439 3717 qnia

387 3735 403 3759 ¹‘
427 3735 496 3789 lieet
511 3752 529 3788 a
546 3740 575 3787 te
591 3734 645 3786 sim
661 3722 804 3798 relictus,
820 3723 855 3785 in
878 3743 970 3788 sacro
986 3727 1099 3786 tamen
1117 3721 1178 3786 Dei
1202 3725 1361 3807 mysterio
1375 3753 1438 3791 non

387 3822 404 3850 “
428 3843 492 3878 sum
514 3823 551 3877 ab
567 3823 609 3876 Eo
632 3811 788 3876 desertus.''
834 3821 993 3875 Interdixit
1020 3812 1108 3876 enlm
1139 3821 1176 3886 ei,
1208 3822 1301 3877 modis
1331 3825 1438 3895 quibus

386 3905 507 3990 potuit,
531 3931 568 3966 ne
592 3912 662 3965 dum
686 3901 814 3966 viveret
836 3901 992 3986 cuiquam
1022 3928 1085 3964 rem
1118 3900 1210 3966 illam
1234 3913 1439 3970 innotesceret.

386 4005 480 4071 Obiit
502 4010 615 4070 autem
646 4003 788 4069 Sanctus
812 4002 987 4068 Oswaldus
1018 4023 1106 4067 anno
1140 4004 1258 4088 gratiae
1289 4026 1438 4092 nongen-

386 4109 503 4174 tesimo
536 4107 749 4192 nonagesimo
772 4105 924 4182 secundo,
959 4111 994 4169 et
1027 4105 1237 4192 episcopatus
1260 4107 1312 4172 sui
1335 4110 1432 4176 trice-

386 4213 480 4288 simo,
505 4209 612 4296 pridie
638 4207 807 4272 Kalendas
835 4207 956 4273 Martii.

217 4310 361 4361 Archbish.
431 4317 482 4377 22.
506 4313 585 4376 Post
600 4311 727 4375 obitum
745 4332 822 4375 vero
839 4309 908 4395 ejus
925 4308 1035 4374 anno⁴
1049 4310 1252 4388 duodecimo,
1276 4313 1435 4381 Aldulfus

216 4377 358 4494 ffissiglssff
386 4413 599 4481 Eboracensis
634 4412 907 4497 archiepiscopus,
937 4411 1139 4476 revelatione
1171 4411 1299 4480 Divina
1322 4417 1435 4482 admo·

215 4509 327 4626 1033}ss
329 4527 341 4559 ⁵
384 4518 486 4593 nitus,
518 4514 732 4600 Wigorniam,
758 4513 814 4577 ubi
848 4513 989 4578 Sanctus
1023 4512 1199 4579 Oswaldus
1229 4517 1436 4605 sepulturam

1093 4673 1436 4702 ,μὴ-λζ.-

418 4770 426 4802 ¹
445 4765 554 4832 solebat]
575 4766 714 4826 consuevit,
725 4768 759 4816 A.
908 4764 914 4877 p
968 4768 979 4800 ³
995 4765 1072 4832 dicis]
1092 4766 1161 4829 dicit,
1172 4769 1207 4819 A.

418 4850 429 4882 '2
446 4845 605 4912 respondere]
627 4847 722 4897 valeret
734 4847 773 4896 rel
785 4846 831 4895 ina.
844 4847 885 4896 A,
908 4885 914 4900 .
967 4847 977 4880 ⁴
996 4847 1075 4915 anatol
1095 4863 1146 4899 om.
1158 4851 1194 4902 A.
