<?xml version="1.0" encoding="UTF-8"?>
<!DOCTYPE html PUBLIC "-//W3C//DTD XHTML 1.0 Transitional//EN"
    "http://www.w3.org/TR/xhtml1/DTD/xhtml1-transitional.dtd">
<html xmlns="http://www.w3.org/1999/xhtml" xml:lang="en" lang="en">
 <head>
  <title>
</title>
<meta http-equiv="Content-Type" content="text/html;charset=utf-8" />
  <meta name='ocr-system' content='tesseract 3.04.00' />
  <meta name='ocr-capabilities' content='ocr_page ocr_carea ocr_par ocr_line ocrx_word'/>
</head>
<body>
  <div class='ocr_page' id='page_1' title='image "./historianschurc00raingoog/historianschurc00raingoog_0313.png"; bbox 0 0 3606 5798; ppageno 0'>
   <div class='ocr_carea' id='block_1_1' title="bbox 532 822 1512 938">
    <p class='ocr_par' dir='ltr' id='par_1_1' title="bbox 532 822 1512 938">
     <span class='ocr_line' id='line_1_1' title="bbox 532 822 1512 938; baseline 0 -33"><span class='ocrx_word' id='word_1_1' title='bbox 532 933 534 938; x_wconf 23' lang='grc' dir='ltr'>Ι</span> <span class='ocrx_word' id='word_1_2' title='bbox 668 855 749 906; x_wconf 76' lang='lat' dir='ltr'>arra</span> <span class='ocrx_word' id='word_1_3' title='bbox 770 856 815 906; x_wconf 86' lang='lat' dir='ltr'>or</span> <span class='ocrx_word' id='word_1_4' title='bbox 837 855 884 908; x_wconf 84' lang='lat' dir='ltr'>sr.</span> <span class='ocrx_word' id='word_1_5' title='bbox 907 855 1069 906; x_wconf 76' lang='lat' dir='ltr'>urrann.</span> <span class='ocrx_word' id='word_1_6' title='bbox 1201 822 1204 830; x_wconf 77' lang='grc'><strong>’</strong></span> <span class='ocrx_word' id='word_1_7' title='bbox 1325 830 1433 910; x_wconf 77' lang='grc'><strong>271’</strong></span> <span class='ocrx_word' id='word_1_8' title='bbox 1509 929 1512 934; x_wconf 22' lang='grc' dir='ltr'>Ι</span> 
     </span>
    </p>
   </div>
   <div class='ocr_carea' id='block_1_2' title="bbox 343 1037 1532 1637">
    <p class='ocr_par' dir='ltr' id='par_1_2' title="bbox 344 1037 1394 1230">
     <span class='ocr_line' id='line_1_2' title="bbox 344 1037 1394 1128; baseline 0.002 -24"><span class='ocrx_word' id='word_1_9' title='bbox 344 1038 392 1106; x_wconf 89' lang='lat' dir='ltr'>sic</span> <span class='ocrx_word' id='word_1_10' title='bbox 424 1037 593 1128; x_wconf 85' lang='lat' dir='ltr'>duplicato</span> <span class='ocrx_word' id='word_1_11' title='bbox 624 1039 735 1106; x_wconf 87' lang='lat' dir='ltr'>studio</span> <span class='ocrx_word' id='word_1_12' title='bbox 761 1059 867 1107; x_wconf 86' lang='lat' dir='ltr'>mores</span> <span class='ocrx_word' id='word_1_13' title='bbox 889 1041 1108 1108; x_wconf 70' lang='lat' dir='ltr'><strong>exuberarent</strong></span> <span class='ocrx_word' id='word_1_14' title='bbox 1129 1041 1174 1109; x_wconf 88' lang='lat' dir='ltr'>ad</span> <span class='ocrx_word' id='word_1_15' title='bbox 1196 1039 1394 1128; x_wconf 87' lang='lat' dir='ltr'>exemplum,</span> 
     </span>
     <span class='ocr_line' id='line_1_3' title="bbox 344 1141 1107 1230; baseline 0.001 -23"><span class='ocrx_word' id='word_1_16' title='bbox 344 1145 380 1207; x_wconf 88' lang='lat' dir='ltr'>et</span> <span class='ocrx_word' id='word_1_17' title='bbox 401 1141 542 1210; x_wconf 88' lang='lat' dir='ltr'>scientia</span> <span class='ocrx_word' id='word_1_18' title='bbox 563 1141 801 1230; x_wconf 83' lang='lat' dir='ltr'>suffragaretm</span> <span class='ocrx_word' id='word_1_19' title='bbox 823 1141 867 1208; x_wconf 87' lang='lat' dir='ltr'>ed</span> <span class='ocrx_word' id='word_1_20' title='bbox 890 1142 1082 1210; x_wconf 84' lang='lat' dir='ltr'>doctrinam.</span> <span class='ocrx_word' id='word_1_21' title='bbox 1104 1219 1107 1229; x_wconf 24' lang='lat'>⁸</span> 
     </span>
    </p>

    <p class='ocr_par' dir='ltr' id='par_1_3' title="bbox 343 1241 1532 1637">
     <span class='ocr_line' id='line_1_4' title="bbox 388 1241 1520 1331; baseline 0.004 -23"><span class='ocrx_word' id='word_1_22' title='bbox 388 1242 453 1309; x_wconf 90' lang='lat' dir='ltr'>His</span> <span class='ocrx_word' id='word_1_23' title='bbox 487 1249 522 1310; x_wconf 89' lang='lat' dir='ltr'>et</span> <span class='ocrx_word' id='word_1_24' title='bbox 552 1241 627 1312; x_wconf 82' lang='lat' dir='ltr'>eliis</span> <span class='ocrx_word' id='word_1_25' title='bbox 649 1244 784 1310; x_wconf 74' lang='lat' dir='ltr'>Divina</span> <span class='ocrx_word' id='word_1_26' title='bbox 817 1243 934 1331; x_wconf 72' lang='lat' dir='ltr'>gratie</span> <span class='ocrx_word' id='word_1_27' title='bbox 964 1244 1111 1331; x_wconf 87' lang='lat' dir='ltr'>pensatis</span> <span class='ocrx_word' id='word_1_28' title='bbox 1142 1244 1247 1327; x_wconf 71' lang='lat' dir='ltr'>donis</span> <span class='ocrx_word' id='word_1_29' title='bbox 1271 1244 1520 1313; x_wconf 71' lang='lat' dir='ltr'>Ebora-Ismuc</span> 
     </span>
     <span class='ocr_line' id='line_1_5' title="bbox 343 1333 1532 1448; baseline -0.001 -36"><span class='ocrx_word' id='word_1_30' title='bbox 343 1335 449 1412; x_wconf 83' lang='lat' dir='ltr'>censis</span> <span class='ocrx_word' id='word_1_31' title='bbox 479 1345 702 1413; x_wconf 86' lang='lat' dir='ltr'>thesaurarius</span> <span class='ocrx_word' id='word_1_32' title='bbox 734 1345 878 1424; x_wconf 84' lang='lat' dir='ltr'>effectus,</span> <span class='ocrx_word' id='word_1_33' title='bbox 908 1346 1041 1432; x_wconf 85' lang='lat' dir='ltr'>publica</span> <span class='ocrx_word' id='word_1_34' title='bbox 1071 1347 1158 1412; x_wconf 89' lang='lat' dir='ltr'>bona</span> <span class='ocrx_word' id='word_1_35' title='bbox 1179 1347 1242 1414; x_wconf 92' lang='lat' dir='ltr'>sub</span> <span class='ocrx_word' id='word_1_36' title='bbox 1272 1333 1532 1448; x_wconf 50' lang='lat' dir='ltr'>tenaci-gfff</span> 
     </span>
     <span class='ocr_line' id='line_1_6' title="bbox 344 1446 1395 1535; baseline 0.001 -21"><span class='ocrx_word' id='word_1_37' title='bbox 344 1446 425 1514; x_wconf 85' lang='lat' dir='ltr'>tatis</span> <span class='ocrx_word' id='word_1_38' title='bbox 448 1468 522 1514; x_wconf 88' lang='lat' dir='ltr'>sera</span> <span class='ocrx_word' id='word_1_39' title='bbox 543 1448 702 1527; x_wconf 86' lang='lat' dir='ltr'>servavit,</span> <span class='ocrx_word' id='word_1_40' title='bbox 725 1447 783 1514; x_wconf 89' lang='lat' dir='ltr'>sed</span> <span class='ocrx_word' id='word_1_41' title='bbox 806 1469 884 1534; x_wconf 89' lang='lat' dir='ltr'>opes</span> <span class='ocrx_word' id='word_1_42' title='bbox 906 1447 1055 1534; x_wconf 82' lang='lat' dir='ltr'>privates</span> <span class='ocrx_word' id='word_1_43' title='bbox 1077 1453 1113 1514; x_wconf 88' lang='lat' dir='ltr'>et</span> <span class='ocrx_word' id='word_1_44' title='bbox 1133 1448 1282 1535; x_wconf 88' lang='lat' dir='ltr'>proprias</span> <span class='ocrx_word' id='word_1_45' title='bbox 1304 1449 1395 1515; x_wconf 89' lang='lat' dir='ltr'>intra</span> 
     </span>
     <span class='ocr_line' id='line_1_7' title="bbox 344 1548 1395 1637; baseline 0 -23"><span class='ocrx_word' id='word_1_46' title='bbox 344 1569 463 1614; x_wconf 85' lang='lat' dir='ltr'>manus</span> <span class='ocrx_word' id='word_1_47' title='bbox 507 1548 750 1636; x_wconf 71' lang='lat' dir='ltr'><strong>postulantium</strong></span> <span class='ocrx_word' id='word_1_48' title='bbox 787 1570 883 1636; x_wconf 91' lang='lat' dir='ltr'>opem</span> <span class='ocrx_word' id='word_1_49' title='bbox 927 1549 1068 1616; x_wconf 88' lang='lat' dir='ltr'>transire</span> <span class='ocrx_word' id='word_1_50' title='bbox 1105 1550 1220 1637; x_wconf 86' lang='lat' dir='ltr'>coegit,</span> <span class='ocrx_word' id='word_1_51' title='bbox 1244 1549 1395 1614; x_wconf 89' lang='lat' dir='ltr'>&#39;nullum</span> 
     </span>
    </p>
   </div>
   <div class='ocr_carea' id='block_1_3' title="bbox 318 1649 1396 1738">
    <p class='ocr_par' dir='ltr' id='par_1_4' title="bbox 318 1649 1396 1738">
     <span class='ocr_line' id='line_1_8' title="bbox 318 1649 1396 1738; baseline 0.001 -24"><span class='ocrx_word' id='word_1_52' title='bbox 318 1649 538 1718; x_wconf 84' lang='lat' dir='ltr'>&#39;thesaurum</span> <span class='ocrx_word' id='word_1_53' title='bbox 583 1651 807 1738; x_wconf 76' lang='lat' dir='ltr'>pretiosiorem</span> <span class='ocrx_word' id='word_1_54' title='bbox 861 1657 991 1738; x_wconf 86' lang='lat' dir='ltr'>putans,</span> <span class='ocrx_word' id='word_1_55' title='bbox 1037 1671 1137 1736; x_wconf 84' lang='lat' dir='ltr'>quam</span> <span class='ocrx_word' id='word_1_56' title='bbox 1190 1651 1396 1738; x_wconf 86' lang='lat' dir='ltr'>patientibus</span> 
     </span>
    </p>
   </div>
   <div class='ocr_carea' id='block_1_4' title="bbox 178 1735 1541 1839">
    <p class='ocr_par' dir='ltr' id='par_1_5' title="bbox 178 1735 1541 1839">
     <span class='ocr_line' id='line_1_9' title="bbox 178 1735 1541 1839; baseline 0.001 -23"><span class='ocrx_word' id='word_1_57' title='bbox 178 1761 262 1816; x_wconf 83' lang='lat' dir='ltr'>lcor.</span> <span class='ocrx_word' id='word_1_58' title='bbox 278 1754 518 1839; x_wconf 70' lang='lat' dir='ltr'>xiitpenuriam</span> <span class='ocrx_word' id='word_1_59' title='bbox 551 1753 734 1820; x_wconf 84' lang='lat' dir='ltr'>subvenire.</span> <span class='ocrx_word' id='word_1_60' title='bbox 804 1752 849 1817; x_wconf 86' lang='lat' dir='ltr'>Et</span> <span class='ocrx_word' id='word_1_61' title='bbox 893 1754 922 1818; x_wconf 91' lang='lat' dir='ltr'>si</span> <span class='ocrx_word' id='word_1_62' title='bbox 966 1752 1152 1839; x_wconf 85' lang='lat' dir='ltr'>aliquando,</span> <span class='ocrx_word' id='word_1_63' title='bbox 1196 1753 1277 1819; x_wconf 91' lang='lat' dir='ltr'>dum</span> <span class='ocrx_word' id='word_1_64' title='bbox 1322 1735 1541 1819; x_wconf 69' lang='lat' dir='ltr'>eratllilliam’s</span> 
     </span>
    </p>
   </div>
   <div class='ocr_carea' id='block_1_5' title="bbox 177 1834 215 1881">
    <p class='ocr_par' dir='ltr' id='par_1_6' title="bbox 177 1834 215 1881">
     <span class='ocr_line' id='line_1_10' title="bbox 177 1834 215 1881; baseline -0.026 0"><span class='ocrx_word' id='word_1_65' title='bbox 177 1834 215 1881; x_wconf 91' lang='lat' dir='ltr'>ll.</span> 
     </span>
    </p>
   </div>
   <div class='ocr_carea' id='block_1_6' title="bbox 345 1827 1526 1944">
    <p class='ocr_par' dir='ltr' id='par_1_7' title="bbox 345 1827 1526 1944">
     <span class='ocr_line' id='line_1_11' title="bbox 345 1827 1526 1944; baseline -0.023 0"><span class='ocrx_word' id='word_1_66' title='bbox 345 1855 513 1943; x_wconf 57' lang='grc' dir='ltr'>ΡῦΠῑῑῙΠΕ,</span> <span class='ocrx_word' id='word_1_67' title='bbox 558 1855 708 1942; x_wconf 77' lang='lat' dir='ltr'>sapiebat</span> <span class='ocrx_word' id='word_1_68' title='bbox 751 1859 791 1920; x_wconf 86' lang='lat' dir='ltr'>ut</span> <span class='ocrx_word' id='word_1_69' title='bbox 834 1854 1003 1942; x_wconf 85' lang='lat' dir='ltr'>parvulus,</span> <span class='ocrx_word' id='word_1_70' title='bbox 1039 1859 1163 1922; x_wconf 87' lang='lat' dir='ltr'>extunc</span> <span class='ocrx_word' id='word_1_71' title='bbox 1218 1857 1394 1925; x_wconf 88' lang='lat' dir='ltr'>evacuavit</span> <span class='ocrx_word' id='word_1_72' title='bbox 1405 1827 1526 1944; x_wconf 47' lang='lat' dir='ltr'>232⁶?ss</span> 
     </span>
    </p>
   </div>
   <div class='ocr_carea' id='block_1_7' title="bbox 262 1955 1494 2146">
    <p class='ocr_par' dir='ltr' id='par_1_8' title="bbox 262 1955 1494 2146">
     <span class='ocr_line' id='line_1_12' title="bbox 262 1955 1494 2046; baseline -0.002 -20"><span class='ocrx_word' id='word_1_73' title='bbox 262 1959 266 1966; x_wconf 85' lang='grc'><strong>’</strong></span> <span class='ocrx_word' id='word_1_74' title='bbox 343 1979 417 2044; x_wconf 87' lang='lat' dir='ltr'>ques</span> <span class='ocrx_word' id='word_1_75' title='bbox 439 1962 535 2026; x_wconf 85' lang='lat' dir='ltr'>erant</span> <span class='ocrx_word' id='word_1_76' title='bbox 556 1957 697 2046; x_wconf 88' lang='lat' dir='ltr'>parvuli,</span> <span class='ocrx_word' id='word_1_77' title='bbox 713 1961 748 2024; x_wconf 88' lang='lat' dir='ltr'>et</span> <span class='ocrx_word' id='word_1_78' title='bbox 769 1978 829 2044; x_wconf 88' lang='lat' dir='ltr'>per</span> <span class='ocrx_word' id='word_1_79' title='bbox 850 1955 1016 2022; x_wconf 86' lang='lat' dir='ltr'>virtutum</span> <span class='ocrx_word' id='word_1_80' title='bbox 1037 1957 1160 2044; x_wconf 82' lang='lat' dir='ltr'>gradus</span> <span class='ocrx_word' id='word_1_81' title='bbox 1182 1957 1225 2024; x_wconf 86' lang='lat' dir='ltr'>ad</span> <span class='ocrx_word' id='word_1_82' title='bbox 1248 1959 1494 2024; x_wconf 64' lang='lat' dir='ltr'>emmer-mater·</span> 
     </span>
     <span class='ocr_line' id='line_1_13' title="bbox 276 2058 1395 2146; baseline -0.004 -18"><span class='ocrx_word' id='word_1_83' title='bbox 276 2117 280 2128; x_wconf 94' lang='lat'>.</span> <span class='ocrx_word' id='word_1_84' title='bbox 343 2059 427 2130; x_wconf 85' lang='lat' dir='ltr'>tiam</span> <span class='ocrx_word' id='word_1_85' title='bbox 450 2061 532 2128; x_wconf 83' lang='lat' dir='ltr'>vitae</span> <span class='ocrx_word' id='word_1_86' title='bbox 554 2059 701 2128; x_wconf 80' lang='lat' dir='ltr'>celsioris</span> <span class='ocrx_word' id='word_1_87' title='bbox 722 2058 928 2126; x_wconf 76' lang='lat' dir='ltr'>ascensiones</span> <span class='ocrx_word' id='word_1_88' title='bbox 961 2059 998 2124; x_wconf 93' lang='lat' dir='ltr'>in</span> <span class='ocrx_word' id='word_1_89' title='bbox 1021 2059 1118 2128; x_wconf 89' lang='lat' dir='ltr'>corde</span> <span class='ocrx_word' id='word_1_90' title='bbox 1140 2081 1200 2126; x_wconf 90' lang='lat' dir='ltr'>suo</span> <span class='ocrx_word' id='word_1_91' title='bbox 1222 2060 1395 2146; x_wconf 89' lang='lat' dir='ltr'>disposuit,</span> 
     </span>
    </p>
   </div>
   <div class='ocr_carea' id='block_1_8' title="bbox 342 2160 1530 2555">
    <p class='ocr_par' dir='ltr' id='par_1_9' title="bbox 342 2160 1530 2555">
     <span class='ocr_line' id='line_1_14' title="bbox 343 2160 1397 2248; baseline 0.003 -22"><span class='ocrx_word' id='word_1_92' title='bbox 343 2162 464 2230; x_wconf 88' lang='lat' dir='ltr'>mentis</span> <span class='ocrx_word' id='word_1_93' title='bbox 502 2161 615 2230; x_wconf 81' lang='lat' dir='ltr'>senilis</span> <span class='ocrx_word' id='word_1_94' title='bbox 652 2161 849 2229; x_wconf 79' lang='lat' dir='ltr'>immensam</span> <span class='ocrx_word' id='word_1_95' title='bbox 886 2160 1028 2226; x_wconf 89' lang='lat' dir='ltr'>induens</span> <span class='ocrx_word' id='word_1_96' title='bbox 1058 2161 1268 2248; x_wconf 82' lang='lat' dir='ltr'>gravitatem.</span> <span class='ocrx_word' id='word_1_97' title='bbox 1313 2161 1397 2229; x_wconf 87' lang='lat' dir='ltr'>Erat</span> 
     </span>
     <span class='ocr_line' id='line_1_15' title="bbox 342 2261 1395 2350; baseline 0 -19"><span class='ocrx_word' id='word_1_98' title='bbox 342 2265 432 2331; x_wconf 87' lang='lat' dir='ltr'>enim</span> <span class='ocrx_word' id='word_1_99' title='bbox 455 2263 492 2329; x_wconf 90' lang='lat' dir='ltr'>in</span> <span class='ocrx_word' id='word_1_100' title='bbox 514 2263 671 2332; x_wconf 81' lang='lat' dir='ltr'>societate</span> <span class='ocrx_word' id='word_1_101' title='bbox 694 2265 896 2340; x_wconf 73' lang='lat' dir='ltr'>mensuetus,</span> <span class='ocrx_word' id='word_1_102' title='bbox 912 2261 949 2328; x_wconf 93' lang='lat' dir='ltr'>in</span> <span class='ocrx_word' id='word_1_103' title='bbox 970 2261 1135 2350; x_wconf 88' lang='lat' dir='ltr'>loquendo</span> <span class='ocrx_word' id='word_1_104' title='bbox 1158 2263 1335 2342; x_wconf 86' lang='lat' dir='ltr'>modestus,</span> <span class='ocrx_word' id='word_1_105' title='bbox 1358 2263 1395 2330; x_wconf 89' lang='lat' dir='ltr'>in</span> 
     </span>
     <span class='ocr_line' id='line_1_16' title="bbox 342 2363 1396 2453; baseline 0.001 -22"><span class='ocrx_word' id='word_1_106' title='bbox 342 2365 609 2453; x_wconf 83' lang='lat' dir='ltr'>responsionibus</span> <span class='ocrx_word' id='word_1_107' title='bbox 648 2364 912 2452; x_wconf 86' lang='lat' dir='ltr'>circumspectus,</span> <span class='ocrx_word' id='word_1_108' title='bbox 946 2363 983 2428; x_wconf 92' lang='lat' dir='ltr'>in</span> <span class='ocrx_word' id='word_1_109' title='bbox 1015 2365 1175 2451; x_wconf 85' lang='lat' dir='ltr'>promisso</span> <span class='ocrx_word' id='word_1_110' title='bbox 1197 2365 1335 2444; x_wconf 84' lang='lat' dir='ltr'>stabilis,</span> <span class='ocrx_word' id='word_1_111' title='bbox 1359 2366 1396 2432; x_wconf 92' lang='lat' dir='ltr'>in</span> 
     </span>
     <span class='ocr_line' id='line_1_17' title="bbox 342 2463 1530 2555; baseline 0.001 -20"><span class='ocrx_word' id='word_1_112' title='bbox 342 2468 479 2536; x_wconf 90' lang='lat' dir='ltr'>consilio</span> <span class='ocrx_word' id='word_1_113' title='bbox 499 2463 611 2547; x_wconf 78' lang='lat' dir='ltr'>lidus,</span> <span class='ocrx_word' id='word_1_114' title='bbox 650 2488 773 2555; x_wconf 88' lang='lat' dir='ltr'>pronus</span> <span class='ocrx_word' id='word_1_115' title='bbox 804 2466 847 2534; x_wconf 89' lang='lat' dir='ltr'>ad</span> <span class='ocrx_word' id='word_1_116' title='bbox 880 2466 1095 2546; x_wconf 89' lang='lat' dir='ltr'>concordiam,</span> <span class='ocrx_word' id='word_1_117' title='bbox 1127 2472 1163 2534; x_wconf 86' lang='lat' dir='ltr'>ct</span> <span class='ocrx_word' id='word_1_118' title='bbox 1195 2467 1322 2555; x_wconf 81' lang='lat' dir='ltr'>rigidus</span> <span class='ocrx_word' id='word_1_119' title='bbox 1352 2469 1395 2536; x_wconf 87' lang='lat' dir='ltr'>ad</span> <span class='ocrx_word' id='word_1_120' title='bbox 1524 2529 1530 2542; x_wconf 86' lang='lat'><em>.</em></span> 
     </span>
    </p>
   </div>
   <div class='ocr_carea' id='block_1_9' title="bbox 341 2591 522 2640">
    <p class='ocr_par' dir='ltr' id='par_1_10' title="bbox 341 2591 522 2640">
     <span class='ocr_line' id='line_1_18' title="bbox 341 2591 522 2640; baseline -0.011 0"><span class='ocrx_word' id='word_1_121' title='bbox 341 2591 522 2640; x_wconf 68' lang='lat' dir='ltr'>censuram.</span> 
     </span>
    </p>
   </div>
   <div class='ocr_carea' id='block_1_10' title="bbox 339 2665 1599 4388">
    <p class='ocr_par' dir='ltr' id='par_1_11' title="bbox 339 2665 1599 4388">
     <span class='ocr_line' id='line_1_19' title="bbox 388 2665 1539 2784; baseline -0.001 -46"><span class='ocrx_word' id='word_1_122' title='bbox 388 2673 483 2741; x_wconf 87' lang='lat' dir='ltr'>Inter</span> <span class='ocrx_word' id='word_1_123' title='bbox 513 2673 585 2740; x_wconf 84' lang='lat' dir='ltr'>haec</span> <span class='ocrx_word' id='word_1_124' title='bbox 615 2669 844 2758; x_wconf 74' lang='lat' dir='ltr'>archipresule</span> <span class='ocrx_word' id='word_1_125' title='bbox 867 2669 1092 2737; x_wconf 81' lang='lat' dir='ltr'>Eboracensis</span> <span class='ocrx_word' id='word_1_126' title='bbox 1113 2670 1256 2738; x_wconf 83' lang='lat' dir='ltr'>ecclesiae</span> <span class='ocrx_word' id='word_1_127' title='bbox 1288 2665 1539 2784; x_wconf 50' lang='lat' dir='ltr'>Thur&#39;domlllldr</span> 
     </span>
     <span class='ocr_line' id='line_1_20' title="bbox 345 2748 1551 2862; baseline 0 -23"><span class='ocrx_word' id='word_1_128' title='bbox 345 2779 441 2842; x_wconf 85' lang='lat' dir='ltr'>staro</span> <span class='ocrx_word' id='word_1_129' title='bbox 470 2775 507 2840; x_wconf 91' lang='lat' dir='ltr'>in</span> <span class='ocrx_word' id='word_1_130' title='bbox 536 2773 607 2840; x_wconf 84' lang='lat' dir='ltr'>fata</span> <span class='ocrx_word' id='word_1_131' title='bbox 635 2773 781 2852; x_wconf 85' lang='lat' dir='ltr'>cedente,</span> <span class='ocrx_word' id='word_1_132' title='bbox 810 2794 853 2840; x_wconf 91' lang='lat' dir='ltr'>ne</span> <span class='ocrx_word' id='word_1_133' title='bbox 884 2772 944 2837; x_wconf 89' lang='lat' dir='ltr'>diu</span> <span class='ocrx_word' id='word_1_134' title='bbox 966 2772 1132 2840; x_wconf 75' lang='lat' dir='ltr'>desoletur</span> <span class='ocrx_word' id='word_1_135' title='bbox 1165 2771 1301 2841; x_wconf 84' lang='lat' dir='ltr'>ecclesia</span> <span class='ocrx_word' id='word_1_136' title='bbox 1334 2748 1464 2849; x_wconf 58' lang='lat' dir='ltr'>suomfl,</span> <span class='ocrx_word' id='word_1_137' title='bbox 1475 2765 1551 2862; x_wconf 60' lang='lat' dir='ltr'>dieas</span> 
     </span>
     <span class='ocr_line' id='line_1_21' title="bbox 346 2865 1511 2983; baseline -0.001 -41"><span class='ocrx_word' id='word_1_138' title='bbox 346 2878 484 2943; x_wconf 83' lang='lat' dir='ltr'>viduata</span> <span class='ocrx_word' id='word_1_139' title='bbox 514 2881 655 2964; x_wconf 81' lang='lat' dir='ltr'>pastore,</span> <span class='ocrx_word' id='word_1_140' title='bbox 699 2876 742 2942; x_wconf 87' lang='lat' dir='ltr'>ad</span> <span class='ocrx_word' id='word_1_141' title='bbox 773 2874 962 2962; x_wconf 86' lang='lat' dir='ltr'>eligendum</span> <span class='ocrx_word' id='word_1_142' title='bbox 996 2895 1212 2942; x_wconf 88' lang='lat' dir='ltr'>successorem</span> <span class='ocrx_word' id='word_1_143' title='bbox 1245 2877 1393 2944; x_wconf 90' lang='lat' dir='ltr'>canonici</span> <span class='ocrx_word' id='word_1_144' title='bbox 1406 2865 1511 2983; x_wconf 49' lang='grc' dir='ltr'>33οῗ</span> 
     </span>
     <span class='ocr_line' id='line_1_22' title="bbox 345 2977 1514 3064; baseline 0.003 -19"><span class='ocrx_word' id='word_1_145' title='bbox 345 2984 574 3046; x_wconf 87' lang='lat' dir='ltr'>convocantur.</span> <span class='ocrx_word' id='word_1_146' title='bbox 635 2978 739 3046; x_wconf 85' lang='lat' dir='ltr'>Facta</span> <span class='ocrx_word' id='word_1_147' title='bbox 774 2977 879 3064; x_wconf 81' lang='lat' dir='ltr'>igitur</span> <span class='ocrx_word' id='word_1_148' title='bbox 909 2977 1114 3063; x_wconf 85' lang='lat' dir='ltr'>singulorum</span> <span class='ocrx_word' id='word_1_149' title='bbox 1150 2978 1393 3046; x_wconf 87' lang='lat' dir='ltr'>examinatione</span> <span class='ocrx_word' id='word_1_150' title='bbox 1405 2997 1514 3050; x_wconf 77' lang='lat' dir='ltr'>orrork</span> 
     </span>
     <span class='ocr_line' id='line_1_23' title="bbox 343 3065 1555 3182; baseline 0 -36"><span class='ocrx_word' id='word_1_151' title='bbox 343 3081 500 3168; x_wconf 82' lang='lat' dir='ltr'>legitima,</span> <span class='ocrx_word' id='word_1_152' title='bbox 523 3081 766 3148; x_wconf 84' lang='lat' dir='ltr'>thesaurarium</span> <span class='ocrx_word' id='word_1_153' title='bbox 788 3079 928 3166; x_wconf 81' lang='lat' dir='ltr'>singulis</span> <span class='ocrx_word' id='word_1_154' title='bbox 949 3079 1139 3166; x_wconf 80' lang='lat' dir='ltr'>praelerunt,</span> <span class='ocrx_word' id='word_1_155' title='bbox 1162 3101 1291 3146; x_wconf 88' lang='lat' dir='ltr'>morum</span> <span class='ocrx_word' id='word_1_156' title='bbox 1321 3065 1555 3182; x_wconf 54' lang='lat' dir='ltr'>llis-fflffl·</span> 
     </span>
     <span class='ocr_line' id='line_1_24' title="bbox 341 3180 1546 3268; baseline 0 -20"><span class='ocrx_word' id='word_1_157' title='bbox 341 3183 447 3268; x_wconf 85' lang='lat' dir='ltr'>scuris</span> <span class='ocrx_word' id='word_1_158' title='bbox 470 3187 505 3249; x_wconf 90' lang='lat' dir='ltr'>et</span> <span class='ocrx_word' id='word_1_159' title='bbox 534 3182 730 3250; x_wconf 85' lang='lat' dir='ltr'>excellentia</span> <span class='ocrx_word' id='word_1_160' title='bbox 750 3181 951 3247; x_wconf 88' lang='lat' dir='ltr'>meritorum.</span> <span class='ocrx_word' id='word_1_161' title='bbox 998 3180 1065 3246; x_wconf 88' lang='lat' dir='ltr'>Sed</span> <span class='ocrx_word' id='word_1_162' title='bbox 1086 3181 1173 3248; x_wconf 87' lang='lat' dir='ltr'>livor</span> <span class='ocrx_word' id='word_1_163' title='bbox 1194 3181 1287 3260; x_wconf 83' lang='lat' dir='ltr'>edax,</span> <span class='ocrx_word' id='word_1_164' title='bbox 1311 3181 1546 3252; x_wconf 78' lang='lat' dir='ltr'>leta-successor.</span> 
     </span>
     <span class='ocr_line' id='line_1_25' title="bbox 341 3281 1394 3370; baseline 0.001 -21"><span class='ocrx_word' id='word_1_165' title='bbox 341 3283 382 3349; x_wconf 90' lang='lat' dir='ltr'>lis</span> <span class='ocrx_word' id='word_1_166' title='bbox 404 3284 596 3351; x_wconf 82' lang='lat' dir='ltr'>scismatum</span> <span class='ocrx_word' id='word_1_167' title='bbox 618 3283 724 3361; x_wconf 87' lang='lat' dir='ltr'>radix,</span> <span class='ocrx_word' id='word_1_168' title='bbox 747 3283 874 3349; x_wconf 90' lang='lat' dir='ltr'>animos</span> <span class='ocrx_word' id='word_1_169' title='bbox 906 3281 1036 3356; x_wconf 81' lang='lat' dir='ltr'>facilius</span> <span class='ocrx_word' id='word_1_170' title='bbox 1066 3304 1261 3370; x_wconf 85' lang='lat' dir='ltr'>expugnans</span> <span class='ocrx_word' id='word_1_171' title='bbox 1293 3305 1394 3370; x_wconf 89' lang='lat' dir='ltr'>quam</span> 
     </span>
     <span class='ocr_line' id='line_1_26' title="bbox 341 3381 1392 3473; baseline 0 -23"><span class='ocrx_word' id='word_1_172' title='bbox 341 3388 549 3473; x_wconf 77' lang='lat' dir='ltr'>expugnaret</span> <span class='ocrx_word' id='word_1_173' title='bbox 570 3381 706 3472; x_wconf 81' lang='lat' dir='ltr'>corpora</span> <span class='ocrx_word' id='word_1_174' title='bbox 733 3382 920 3452; x_wconf 85' lang='lat' dir='ltr'>Siculorum</span> <span class='ocrx_word' id='word_1_175' title='bbox 942 3383 1134 3452; x_wconf 84' lang='lat' dir='ltr'>immanitas</span> <span class='ocrx_word' id='word_1_176' title='bbox 1163 3389 1392 3471; x_wconf 86' lang='lat' dir='ltr'>tyrannorum,</span> 
     </span>
     <span class='ocr_line' id='line_1_27' title="bbox 341 3484 1534 3574; baseline 0.008 -23"><span class='ocrx_word' id='word_1_177' title='bbox 341 3486 377 3551; x_wconf 92' lang='lat' dir='ltr'>in</span> <span class='ocrx_word' id='word_1_178' title='bbox 399 3487 558 3556; x_wconf 88' lang='lat' dir='ltr'>electione</span> <span class='ocrx_word' id='word_1_179' title='bbox 579 3507 656 3552; x_wconf 86' lang='lat' dir='ltr'>suos</span> <span class='ocrx_word' id='word_1_180' title='bbox 677 3506 785 3552; x_wconf 88' lang='lat' dir='ltr'>ramos</span> <span class='ocrx_word' id='word_1_181' title='bbox 812 3484 955 3573; x_wconf 88' lang='lat' dir='ltr'>protulit</span> <span class='ocrx_word' id='word_1_182' title='bbox 976 3485 1145 3552; x_wconf 82' lang='lat' dir='ltr'>toxicatos.</span> <span class='ocrx_word' id='word_1_183' title='bbox 1192 3486 1391 3574; x_wconf 89' lang='lat' dir='ltr'>Imperiosus</span> <span class='ocrx_word' id='word_1_184' title='bbox 1403 3507 1534 3560; x_wconf 65' lang='lat' dir='ltr'>meah-</span> 
     </span>
     <span class='ocr_line' id='line_1_28' title="bbox 342 3573 1599 3692; baseline 0.002 -39"><span class='ocrx_word' id='word_1_185' title='bbox 342 3589 443 3656; x_wconf 87' lang='lat' dir='ltr'>etiam</span> <span class='ocrx_word' id='word_1_186' title='bbox 480 3609 573 3658; x_wconf 88' lang='lat' dir='ltr'>amor</span> <span class='ocrx_word' id='word_1_187' title='bbox 612 3573 805 3655; x_wconf 80' lang='lat' dir='ltr'>dominandi</span> <span class='ocrx_word' id='word_1_188' title='bbox 852 3587 1017 3674; x_wconf 84' lang='lat' dir='ltr'>quendam</span> <span class='ocrx_word' id='word_1_189' title='bbox 1054 3587 1201 3673; x_wconf 89' lang='lat' dir='ltr'>ejusdem</span> <span class='ocrx_word' id='word_1_190' title='bbox 1247 3589 1391 3656; x_wconf 84' lang='lat' dir='ltr'>ecclesiae</span> <span class='ocrx_word' id='word_1_191' title='bbox 1404 3575 1560 3692; x_wconf 49' lang='lat' dir='ltr'>fflffif</span> <span class='ocrx_word' id='word_1_192' title='bbox 1597 3617 1599 3622; x_wconf 50' lang='lat'><strong><em>⁴</em></strong></span> 
     </span>
     <span class='ocr_line' id='line_1_29' title="bbox 341 3677 1532 3777; baseline -0.001 -19"><span class='ocrx_word' id='word_1_193' title='bbox 341 3690 571 3758; x_wconf 85' lang='lat' dir='ltr'>archilevitam</span> <span class='ocrx_word' id='word_1_194' title='bbox 593 3690 675 3757; x_wconf 88' lang='lat' dir='ltr'>adso</span> <span class='ocrx_word' id='word_1_195' title='bbox 697 3693 847 3757; x_wconf 86' lang='lat' dir='ltr'>traxerat</span> <span class='ocrx_word' id='word_1_196' title='bbox 868 3689 905 3754; x_wconf 91' lang='lat' dir='ltr'>in</span> <span class='ocrx_word' id='word_1_197' title='bbox 919 3689 1087 3777; x_wconf 79' lang='lat' dir='ltr'>regionem</span> <span class='ocrx_word' id='word_1_198' title='bbox 1102 3688 1392 3768; x_wconf 84' lang='lat' dir='ltr'>dissimilitudinis,</span> <span class='ocrx_word' id='word_1_199' title='bbox 1406 3677 1532 3772; x_wconf 74' lang='lat' dir='ltr'>sero&#39;op-</span> 
     </span>
     <span class='ocr_line' id='line_1_30' title="bbox 341 3773 1536 3892; baseline 0 -34"><span class='ocrx_word' id='word_1_200' title='bbox 341 3798 382 3858; x_wconf 89' lang='lat' dir='ltr'>ut</span> <span class='ocrx_word' id='word_1_201' title='bbox 402 3793 570 3860; x_wconf 85' lang='lat' dir='ltr'>lucernam</span> <span class='ocrx_word' id='word_1_202' title='bbox 602 3793 767 3861; x_wconf 86' lang='lat' dir='ltr'>virtutum</span> <span class='ocrx_word' id='word_1_203' title='bbox 799 3813 897 3877; x_wconf 87' lang='lat' dir='ltr'>super</span> <span class='ocrx_word' id='word_1_204' title='bbox 929 3790 1162 3860; x_wconf 87' lang='lat' dir='ltr'>candelabrum</span> <span class='ocrx_word' id='word_1_205' title='bbox 1195 3792 1338 3878; x_wconf 88' lang='lat' dir='ltr'>positam</span> <span class='ocrx_word' id='word_1_206' title='bbox 1360 3773 1536 3892; x_wconf 42' lang='lat' dir='ltr'>ratmot?</span> 
     </span>
     <span class='ocr_line' id='line_1_31' title="bbox 342 3892 1396 3981; baseline 0 -22"><span class='ocrx_word' id='word_1_207' title='bbox 342 3895 494 3960; x_wconf 89' lang='lat' dir='ltr'>omnibus</span> <span class='ocrx_word' id='word_1_208' title='bbox 516 3894 701 3981; x_wconf 83' lang='lat' dir='ltr'>expositam</span> <span class='ocrx_word' id='word_1_209' title='bbox 723 3915 792 3960; x_wconf 90' lang='lat' dir='ltr'>non</span> <span class='ocrx_word' id='word_1_210' title='bbox 821 3897 952 3980; x_wconf 88' lang='lat' dir='ltr'>poterat</span> <span class='ocrx_word' id='word_1_211' title='bbox 974 3892 1117 3973; x_wconf 91' lang='lat' dir='ltr'>intueri;</span> <span class='ocrx_word' id='word_1_212' title='bbox 1139 3892 1197 3958; x_wconf 89' lang='lat' dir='ltr'>sed</span> <span class='ocrx_word' id='word_1_213' title='bbox 1220 3899 1272 3960; x_wconf 90' lang='lat' dir='ltr'>tot</span> <span class='ocrx_word' id='word_1_214' title='bbox 1293 3895 1396 3981; x_wconf 83' lang='lat' dir='ltr'>grati·</span> 
     </span>
     <span class='ocr_line' id='line_1_32' title="bbox 340 3994 1397 4082; baseline 0 -20"><span class='ocrx_word' id='word_1_215' title='bbox 340 4017 435 4061; x_wconf 87' lang='lat' dir='ltr'>arum</span> <span class='ocrx_word' id='word_1_216' title='bbox 458 3996 559 4062; x_wconf 85' lang='lat' dir='ltr'>radiis</span> <span class='ocrx_word' id='word_1_217' title='bbox 582 3996 702 4082; x_wconf 89' lang='lat' dir='ltr'>quibus</span> <span class='ocrx_word' id='word_1_218' title='bbox 721 3995 903 4060; x_wconf 85' lang='lat' dir='ltr'>illuminari</span> <span class='ocrx_word' id='word_1_219' title='bbox 926 3994 1087 4062; x_wconf 87' lang='lat' dir='ltr'>debuerat</span> <span class='ocrx_word' id='word_1_220' title='bbox 1101 3999 1293 4074; x_wconf 83' lang='lat' dir='ltr'>excaecatus,</span> <span class='ocrx_word' id='word_1_221' title='bbox 1309 3996 1397 4061; x_wconf 85' lang='lat' dir='ltr'>inter</span> 
     </span>
     <span class='ocr_line' id='line_1_33' title="bbox 341 4095 1398 4184; baseline -0.001 -21"><span class='ocrx_word' id='word_1_222' title='bbox 341 4097 498 4184; x_wconf 78' lang='lat' dir='ltr'>eligentes</span> <span class='ocrx_word' id='word_1_223' title='bbox 536 4098 699 4164; x_wconf 82' lang='lat' dir='ltr'>excitavit</span> <span class='ocrx_word' id='word_1_224' title='bbox 735 4097 918 4176; x_wconf 89' lang='lat' dir='ltr'>dissidium,</span> <span class='ocrx_word' id='word_1_225' title='bbox 956 4095 1200 4163; x_wconf 84' lang='lat' dir='ltr'>thesaurarium</span> <span class='ocrx_word' id='word_1_226' title='bbox 1223 4118 1245 4163; x_wconf 94' lang='lat' dir='ltr'>a</span> <span class='ocrx_word' id='word_1_227' title='bbox 1275 4097 1398 4162; x_wconf 89' lang='lat' dir='ltr'>saniori</span> 
     </span>
     <span class='ocr_line' id='line_1_34' title="bbox 339 4197 1397 4284; baseline -0.001 -19"><span class='ocrx_word' id='word_1_228' title='bbox 339 4205 433 4283; x_wconf 83' lang='lat' dir='ltr'>parte</span> <span class='ocrx_word' id='word_1_229' title='bbox 456 4198 597 4266; x_wconf 88' lang='lat' dir='ltr'>electum</span> <span class='ocrx_word' id='word_1_230' title='bbox 620 4197 813 4284; x_wconf 87' lang='lat' dir='ltr'>impediens,</span> <span class='ocrx_word' id='word_1_231' title='bbox 827 4197 907 4264; x_wconf 91' lang='lat' dir='ltr'>licet</span> <span class='ocrx_word' id='word_1_232' title='bbox 920 4197 958 4261; x_wconf 91' lang='lat' dir='ltr'>in</span> <span class='ocrx_word' id='word_1_233' title='bbox 972 4197 1044 4282; x_wconf 89' lang='lat' dir='ltr'>ejus</span> <span class='ocrx_word' id='word_1_234' title='bbox 1067 4197 1238 4264; x_wconf 88' lang='lat' dir='ltr'>electionis</span> <span class='ocrx_word' id='word_1_235' title='bbox 1260 4197 1397 4264; x_wconf 89' lang='lat' dir='ltr'>laudum</span> 
     </span>
     <span class='ocr_line' id='line_1_35' title="bbox 339 4297 1398 4388; baseline -0.002 -20"><span class='ocrx_word' id='word_1_236' title='bbox 339 4300 512 4388; x_wconf 84' lang='lat' dir='ltr'>praeconia,</span> <span class='ocrx_word' id='word_1_237' title='bbox 536 4299 641 4367; x_wconf 89' lang='lat' dir='ltr'>clerus</span> <span class='ocrx_word' id='word_1_238' title='bbox 662 4297 846 4366; x_wconf 84' lang='lat' dir='ltr'>acclamans</span> <span class='ocrx_word' id='word_1_239' title='bbox 880 4303 915 4364; x_wconf 88' lang='lat' dir='ltr'>et</span> <span class='ocrx_word' id='word_1_240' title='bbox 945 4297 1038 4384; x_wconf 88' lang='lat' dir='ltr'>plebs</span> <span class='ocrx_word' id='word_1_241' title='bbox 1061 4297 1273 4384; x_wconf 88' lang='lat' dir='ltr'>applaudens,</span> <span class='ocrx_word' id='word_1_242' title='bbox 1296 4305 1398 4366; x_wconf 76' lang='lat' dir='ltr'>testa·</span> 
     </span>
    </p>
   </div>
   <div class='ocr_carea' id='block_1_11' title="bbox 340 4398 1397 4485">
    <p class='ocr_par' dir='ltr' id='par_1_12' title="bbox 340 4398 1397 4485">
     <span class='ocr_line' id='line_1_36' title="bbox 340 4398 1397 4485; baseline 0.001 -20"><span class='ocrx_word' id='word_1_243' title='bbox 340 4406 456 4467; x_wconf 89' lang='lat' dir='ltr'>rentur</span> <span class='ocrx_word' id='word_1_244' title='bbox 477 4400 574 4466; x_wconf 89' lang='lat' dir='ltr'>illum</span> <span class='ocrx_word' id='word_1_245' title='bbox 596 4421 667 4466; x_wconf 89' lang='lat' dir='ltr'>esse</span> <span class='ocrx_word' id='word_1_246' title='bbox 689 4399 809 4466; x_wconf 92' lang='lat' dir='ltr'>solium</span> <span class='ocrx_word' id='word_1_247' title='bbox 840 4398 993 4485; x_wconf 80' lang='lat' dir='ltr'>justitiae,</span> <span class='ocrx_word' id='word_1_248' title='bbox 1028 4399 1188 4465; x_wconf 90' lang='lat' dir='ltr'>vitiorum</span> <span class='ocrx_word' id='word_1_249' title='bbox 1220 4401 1397 4482; x_wconf 88' lang='lat' dir='ltr'>vindicem,</span> 
     </span>
    </p>
   </div>
   <div class='ocr_carea' id='block_1_12' title="bbox 249 4499 1549 4590">
    <p class='ocr_par' dir='ltr' id='par_1_13' title="bbox 249 4499 1549 4590">
     <span class='ocr_line' id='line_1_37' title="bbox 249 4499 1549 4590; baseline -0.001 -20"><span class='ocrx_word' id='word_1_250' title='bbox 249 4499 252 4502; x_wconf 70' lang='grc'><strong>’</strong></span> <span class='ocrx_word' id='word_1_251' title='bbox 340 4510 376 4571; x_wconf 90' lang='lat' dir='ltr'>et</span> <span class='ocrx_word' id='word_1_252' title='bbox 396 4525 526 4571; x_wconf 89' lang='lat' dir='ltr'>morum</span> <span class='ocrx_word' id='word_1_253' title='bbox 557 4501 775 4568; x_wconf 82' lang='lat' dir='ltr'>fundatorem.</span> <span class='ocrx_word' id='word_1_254' title='bbox 822 4499 1183 4588; x_wconf 81' lang='lat' dir='ltr'>Suspenditur.igitur</span> <span class='ocrx_word' id='word_1_255' title='bbox 1215 4503 1397 4589; x_wconf 86' lang='lat' dir='ltr'>negotium,</span> <span class='ocrx_word' id='word_1_256' title='bbox 1409 4521 1465 4576; x_wconf 68' lang='lat' dir='ltr'>urse</span> <span class='ocrx_word' id='word_1_257' title='bbox 1475 4538 1549 4590; x_wconf 60' lang='lat' dir='ltr'>ques.</span> 
     </span>
    </p>
   </div>
   <div class='ocr_carea' id='block_1_13' title="bbox 339 4590 1558 4723">
    <p class='ocr_par' dir='ltr' id='par_1_14' title="bbox 339 4590 1558 4723">
     <span class='ocr_line' id='line_1_38' title="bbox 339 4590 1558 4723; baseline -0.01 -50"><span class='ocrx_word' id='word_1_258' title='bbox 339 4607 383 4673; x_wconf 86' lang='lat' dir='ltr'>ed</span> <span class='ocrx_word' id='word_1_259' title='bbox 404 4604 605 4692; x_wconf 83' lang='lat' dir='ltr'>Apostolicae</span> <span class='ocrx_word' id='word_1_260' title='bbox 628 4603 715 4669; x_wconf 88' lang='lat' dir='ltr'>sedis</span> <span class='ocrx_word' id='word_1_261' title='bbox 748 4621 888 4669; x_wconf 86' lang='lat' dir='ltr'>examen</span> <span class='ocrx_word' id='word_1_262' title='bbox 920 4607 1143 4688; x_wconf 86' lang='lat' dir='ltr'>provocatum.</span> <span class='ocrx_word' id='word_1_263' title='bbox 1190 4603 1265 4671; x_wconf 85' lang='lat' dir='ltr'>Lite</span> <span class='ocrx_word' id='word_1_264' title='bbox 1292 4590 1558 4723; x_wconf 48' lang='lat' dir='ltr'>igiturffigssm</span> 
     </span>
    </p>
   </div>
   <div class='ocr_carea' id='block_1_14' title="bbox 262 4703 1536 4792">
    <p class='ocr_par' dir='ltr' id='par_1_15' title="bbox 262 4703 1536 4792">
     <span class='ocr_line' id='line_1_39' title="bbox 262 4703 1536 4792; baseline 0.004 -19"><span class='ocrx_word' id='word_1_265' title='bbox 262 4737 266 4744; x_wconf 92' lang='lat'>·</span> <span class='ocrx_word' id='word_1_266' title='bbox 339 4709 483 4776; x_wconf 87' lang='lat' dir='ltr'>incuria</span> <span class='ocrx_word' id='word_1_267' title='bbox 504 4708 655 4775; x_wconf 84' lang='lat' dir='ltr'>Romana</span> <span class='ocrx_word' id='word_1_268' title='bbox 677 4705 740 4772; x_wconf 90' lang='lat' dir='ltr'>sub</span> <span class='ocrx_word' id='word_1_269' title='bbox 773 4703 973 4792; x_wconf 79' lang='lat' dir='ltr'>Apostolicae</span> <span class='ocrx_word' id='word_1_270' title='bbox 1004 4703 1211 4774; x_wconf 88' lang='lat' dir='ltr'>celsitudinis</span> <span class='ocrx_word' id='word_1_271' title='bbox 1243 4728 1395 4776; x_wconf 85' lang='lat' dir='ltr'>examme</span> <span class='ocrx_word' id='word_1_272' title='bbox 1406 4724 1452 4777; x_wconf 78' lang='lat' dir='ltr'>tue</span> <span class='ocrx_word' id='word_1_273' title='bbox 1462 4739 1536 4792; x_wconf 81' lang='lat' dir='ltr'>pope,</span> 
     </span>
    </p>
   </div>
   <div class='ocr_carea' id='block_1_15' title="bbox 0 0 1808 5798">
    <p class='ocr_par' dir='ltr' id='par_1_16' title="bbox 0 0 1808 5798">
     <span class='ocr_line' id='line_1_40' title="bbox 0 0 1808 5798; baseline 0 3"><span class='ocrx_word' id='word_1_274' title='bbox 0 0 1808 5798; x_wconf 95' lang='lat' dir='ltr'> </span> 
     </span>
    </p>
   </div>
  </div>
 </body>
</html>
