3530 5790
405 908 470 973 364
753 920 953 970 onnorucnr
975 920 1019 969 or
1042 917 1112 968 rua

596 1283 687 1350 'Uurl
711 1299 916 1348 nuruucrus
938 1298 991 1347 arr
1014 1298 1056 1348 nr
1078 1297 1257 1348 snrunrua

447 1494 541 1557 Vixit
564 1491 698 1558 autem²
731 1495 767 1556 in
799 1493 1080 1578 archiepiscopatu
1104 1494 1200 1556 annis
1230 1493 1333 1557 ferme
1365 1515 1453 1570 xxx„

401 1603 434 1660 ct
462 1598 585 1660 octavis
621 1597 734 1660 Sancti
759 1595 904 1670 Martini,
927 1594 989 1659 hoc
1012 1601 1062 1658 est
1085 1605 1203 1679 quarto
1237 1595 1362 1660 decimo
1388 1595 1452 1660 kal.

401 1699 598 1774 DecembriS,
614 1699 702 1782 apud
727 1697 872 1783 Ripum³
896 1697 987 1762 obiit.
1034 1697 1100 1762 Sed
1116 1696 1245 1762 delatus
1262 1697 1453 1774 Eboracum,

396 1801 496 1884 juxta
512 1801 779 1885 predecessorem
795 1821 891 1862 auum
910 1799 1016 1862 beatae
1039 1800 1204 1864 memoriae
1219 1799 1401 1864 Aldredum
1417 1801 1452 1863 iu

320 1983 323 1988 Α
399 1903 534 1967 ecclesia
556 1903 703 1988 sepultus
726 1909 784 1966 est.
831 1910 922 1982 Cujus
943 1911 1125 1982 epitaphium
1147 1911 1203 1966 hoo
1225 1915 1278 1966 eat.

488 2025 565 2081 Orba
586 2019 657 2098 pi0,‘
679 2025 798 2080 viduata
819 2025 895 2079 bono
918 2030 1042 2098 pastore,
1065 2029 1198 2096 patrono,

533 2115 609 2170 Urbs
632 2115 760 2170 Eboraca
782 2115 871 2180 dolet,
894 2115 944 2170 rix
966 2113 1101 2168 habitura
1123 2130 1231 2185 parem.

487 2204 589 2274 Qualia
611 2206 661 2258 vix
684 2205 746 2270 uni,
770 2221 902 2276 persona,
927 2203 1058 2269 scicntia,
1082 2201 1155 2268 vito,

533 2295 725 2364 Contigerant
746 2293 876 2358 iliorum,
900 2293 1018 2357 nobilia,
1042 2293 1112 2358 alta,
1136 2293 1221 2348 bona.

489 2384 627 2448 Canities,
652 2383 752 2438 hilaris
776 2383 874 2447 facies,
898 2387 1010 2438 statura
1030 2387 1163 2448 venusta,

531 2473 667 2543 Angelici
690 2473 789 2527 vultus
811 2472 947 2544 splendor
969 2477 999 2528 et
1022 2473 1114 2527 instar
1136 2476 1207 2526 crat.

488 2564 546 2619 Hic
568 2579 688 2617 numero
711 2568 798 2632 atquc
820 2561 906 2616 modo
928 2561 1068 2617 doctrinm
1091 2579 1142 2616 seu
1164 2559 1326 2633 probitatis,

480 2699 485 2712 .
534 2652 662 2708 Clericus
685 2653 779 2706 omnis
801 2657 873 2716 erat,
897 2651 944 2706 vel
966 2653 1060 2722 magis
1083 2651 1177 2705 omnis
1199 2649 1293 2704 homo.

489 2743 562 2796 Haec
585 2741 686 2796 domus
709 2747 738 2796 et
761 2741 853 2795 clerus
876 2741 930 2794 sub
951 2745 1034 2796 tanto
1056 2739 1180 2812 proeaule
1202 2739 1282 2804 felix,

532 2823 639 2886 Paeno⁵
662 2830 738 2901 quod
761 2835 805 2884 eat
827 2834 857 2885 et
878 2829 976 2895 habet,
999 2829 1127 2885 muneris
1150 2847 1235 2886 omno
1257 2827 1302 2884 sui
1324 2831 1375 2883 eut.

488 2921 604 2976 Octavia
627 2911 738 2990 igitur⁰
761 2919 881 2974 Martini
904 2919 1021 2974 transiit
1043 2920 1104 2986 ille,

535 3009 590 3066 Oui
613 3011 720 3082 pietate
743 3007 798 3064 Dei
820 3008 859 3064 ait
881 3025 975 3066 comos
998 3009 1029 3064 in
1051 2995 1194 3081 roqniel⁷

453 3189 498 3196 ...-
510 3189 661 3195 -.—....-.—.-
986 3187 1042 3194 ...-

435 3299 442 3331 ¹
465 3297 530 3363 Ubi]
551 3297 662 3348 Thomas
674 3297 864 3350 SenioriaaB.
873 3298 906 3350 G.
928 3320 930 3354 ι
953 3297 1087 3356 ὃωίοτὶες
1110 3297 1154 3362 qui
1176 3313 1193 3347 a
1215 3311 1276 3362 rago
1298 3296 1405 3366 lignido
1427 3305 1455 3348 et

433 3379 554 3443 παιιεοηι]
575 3393 624 3427 om.
638 3379 670 3430 G.
952 3391 1078 3428 consensu
1111 3377 1238 3427 Theodori
1272 3375 1453 3442 archiepiacopi

432 3457 566 3522 ⁸Ripam]
588 3457 680 3521 Ripon,
699 3459 729 3506 B.
742 3459 771 3507 F.
785 3457 834 3516 G.;
853 3459 906 3522 Ry·
954 3455 1144 3507 cantuariensis
1175 3457 1264 3522 pulsus
1287 3463 1326 3506 eat
1347 3457 1380 3506 ab
1399 3456 1451 3520 epi-

401 3553 462 3601 pun,
475 3539 507 3587 A
952 3541 1057 3598 scopatu
1071 3549 1138 3584 anno
1157 3534 1316 3600 episcopetur
1336 3535 1375 3586 aui
1387 3533 1451 3596 xiii⁰,

435 3617 445 3648 ⁴
460 3617 517 3680 pio]
535 3617 613 3678 jacet,
625 3619 658 3665 Λ.
672 3617 702 3666 Β.
713 3617 741 3668 O.
754 3615 787 3666 D.
800 3617 830 3666 F.
846 3617 877 3668 G.
952 3620 977 3662 et
989 3628 1035 3676 per
1051 3612 1205 3663 decennium
1222 3614 1353 3674 exulavit3
1371 3615 1451 3664 donee

441 3693 555 3758 ⁵Poene]
576 3694 663 3752 Pleno,
677 3695 711 3744 Δ.
950 3691 1116 3750 hustmcaa,
1137 3705 1184 3755 pro
1208 3691 1331 3758 stigando
1353 3707 1371 3741 c
1391 3707 1450 3758 rega

437 3772 447 3804 ⁶
465 3774 558 3839 iqitur]
581 3773 677 3833 Sancti,
689 3775 720 3824 ll.
952 3769 1080 3821 Willelmo
1092 3770 1249 3832 substitutm,
1260 3787 1276 3820 a
1293 3771 1345 3820 auia
1362 3771 1450 3821 suffra-

464 3853 506 3902 Dc
524 3866 675 3902 nraconnrn
699 3865 784 3900 runnu
805 3865 904 3902 nncnr-
949 3850 1037 3916 ganeis
1049 3849 1179 3901 ordinatus
1190 3857 1237 3901 est.
1267 3851 1450 3902 Isteestlmn·

499 3945 649 3981 nrrscoros
693 3931 903 3980 Enonacnnsnu
950 3929 1054 3978 francus
1083 3929 1127 3992 qui
1155 3929 1254 3992 primun
1276 3927 1389 3979 omnium
1417 3931 1450 3979 ab

502 4024 539 4059 nr
552 4011 800 4060 Canrcnarnnanu.
950 4007 1105 4056 llboraoensi
1133 4006 1322 4071 archiepiscopo
1355 4007 1451 4071 profea-

436 4089 580 4138 Notandtm
626 4090 695 4152 quod
733 4104 752 4138 a
788 4098 902 4151 tempore
949 4087 1048 4136 sionem
1071 4086 1165 4150 exegit,
1183 4086 1282 4151 amque
1300 4085 1451 4138 successori-

401 4165 488 4218 Sancti
505 4166 607 4217 Paulini
626 4167 699 4230 primi
719 4167 901 4231 archiepiscopi
948 4165 995 4213 bua
1012 4165 1061 4214 hoc
1079 4165 1148 4216 idem
1167 4165 1286 4232 exigendi
1305 4165 1450 4230 exemplum

400 4247 573 4306 llbomcensin,
614 4262 694 4310 usque
735 4248 768 4296 ad
801 4254 901 4309 tempus
948 4242 1035 4303 dedit;
1061 4253 1086 4293 et
1103 4243 1139 4294 sio
1156 4243 1270 4294 minister
1286 4243 1383 4294 diaboli
1399 4242 1450 4307 pri·

400 4325 505 4375 Thomu
517 4324 901 4389 Senioris,quifuitviceaimus
947 4335 1003 4370 mus
1039 4321 1104 4372 iram
1138 4330 1164 4372 et
1198 4321 1351 4374 discordiam
1385 4321 1451 4372 inter

400 4413 503 4466 quartur
511 4404 632 4468 (quintus,
642 4405 688 4466 G.)
698 4404 900 4468 archiepiscopus
947 4399 1148 4466 archiepiscopos
1193 4402 1383 4452 Eboracenccm
1424 4398 1450 4451 et

402 4482 578 4548 liboracansia,
597 4491 653 4532 erat
675 4497 735 4546 pax,
754 4483 854 4543 ceritas,
876 4492 901 4533 et
948 4479 1155 4530 Cautumriensem
1166 4477 1269 4545 propter
1285 4478 1450 4532 ambitionem

401 4561 536 4612 concordia
547 4560 611 4610 inter
620 4563 683 4612 duos
691 4563 900 4627 metropolitanos
947 4559 1050 4609 indebiti
1068 4558 1116 4610 sibi
1129 4560 1233 4611 honoria
1250 4559 1389 4622 amcitavit,
1402 4561 1449 4610 ias.

401 4641 511 4704 Angliae,
534 4648 641 4703 excepto
670 4649 783 4706 tempora
813 4642 900 4693 Sancti
947 4646 978 4694 B.
994 4645 1025 4698 G.

400 4719 521 4780 wilfridi,
530 4720 900 4785 archiepiscopillboracenais,
