3606 5798
440 827 506 894 304
721 841 962 892 mensurium
984 844 1159 894 summio
1182 845 1225 894 ro

273 1047 323 1096 We
337 1046 412 1096 claim
443 1031 581 1110 Christi,
603 1031 667 1097 Dei
698 1038 734 1096 et
755 1031 779 1096 J
781 1031 885 1097 udicis
916 1031 1022 1097 nostri
1055 1036 1090 1097 εὴ
1124 1053 1183 1118 per
1215 1033 1336 1099 merita
1358 1031 1497 1098 Beatae¹

271 1113 386 1228 3¹⁰&sp
397 1113 428 1164 ⁰f
442 1135 558 1200 Mariae
580 1134 695 1198 matris
729 1132 896 1218 Ejusdem,
919 1138 954 1198 et
987 1133 1103 1200 Sancti
1126 1134 1261 1221 Georgii
1290 1136 1397 1201 nostri
1419 1155 1496 1221 pro-

307 1215 313 1230 ·
441 1235 584 1315 tectoris,
607 1235 669 1299 sub
691 1253 831 1318 quorum
854 1233 987 1298 vexillis
1008 1241 1080 1300 tam
1102 1235 1259 1320 expansis
1274 1236 1345 1301 sive
1361 1241 1495 1322 proten-

440 1337 485 1402 sis
500 1338 615 1401 vivere
630 1335 790 1413 volumus,
814 1340 849 1400 et
871 1336 934 1400 sub
956 1358 1056 1422 poena
1079 1338 1276 1424 perditionis
1299 1343 1335 1403 et
1357 1339 1495 1404 domna·

440 1439 541 1505 tionis
573 1439 759 1504 animarum
790 1441 985 1514 vestrorum,
1018 1444 1059 1503 ut
1092 1439 1171 1504 huic
1203 1460 1311 1505 causae
1333 1445 1369 1506 et
1397 1441 1495 1506 nobis

440 1541 636 1608 favorabiles
658 1539 741 1616 sitis,
764 1543 799 1604 et
819 1538 957 1625 benigni
980 1539 1017 1604 in
1039 1541 1161 1606 nostris
1184 1541 1322 1627 agendis
1353 1543 1494 1608 actioni-

440 1644 502 1708 bus
519 1649 553 1708 et
574 1638 703 1708 causisi
734 1640 816 1722 Qum
832 1661 939 1706 causae
961 1647 1043 1706 sunt
1059 1640 1277 1708 tres'tcntum
1293 1644 1330 1708 in
1344 1665 1492 1710 numero.

272 1747 322 1796 We
333 1745 429 1806 intend,
441 1744 658 1821 Intendimus,
692 1743 808 1828 primo,
846 1729 922 1808 cum
957 1740 1083 1808 Christi
1118 1745 1255 1824 auxilio,
1289 1745 1421 1832 justum
1459 1753 1495 1812 et

271 1813 373 1941 mg
441 1869 555 1913 verum
578 1845 744 1911 haeredem
766 1845 872 1909 nostri
903 1846 998 1932 regni
1021 1845 1152 1933 Anglisa
1185 1853 1220 1912 et
1242 1869 1353 1934 regem
1385 1849 1488 1914 subli-

271 1944 407 2059 righphoir
441 1971 530 2016 mare
553 1953 588 2014 et
612 1947 648 2012 in
671 1967 730 2012 suo
752 1945 854 2031 regsli
888 1947 970 2012 solio
992 1949 1079 2034 regis
1101 1948 1289 2014 diademate
1319 1970 1497 2028 comnare;

270 2018 370 2128 dilui.
441 2051 592 2128 secundo,
614 2033 805 2124 wallenses,
822 2047 1055 2127 Hibernenses,
1071 2055 1106 2116 et
1129 2069 1244 2114 omnes
1266 2050 1361 2135 regni
1384 2055 1491 2116 nostri

272 2168 404 2235 seconuy,
441 2153 591 2218 inimicos
614 2150 657 2216 ad
680 2153 829 2214 nostram
863 2153 1059 2234 perpetuam
1082 2170 1197 2234 paoem
1219 2155 1262 2215 et·
1286 2152 1493 2217 concordiam

270 2237 420 2366 fflffvith
441 2274 615 2332 revocare;
638 2255 681 2328 et,
702 2250 811 2328 tertio,
834 2271 974 2335 regnum
996 2255 1149 2315 nostrum
1179 2250 1312 2346 Anng
1334 2252 1379 2316 ab
1401 2255 1492 2319 omni

272 2369 426 2430 shewed,
441 2353 620 2430 exactione,
644 2352 839 2428 extortione,
863 2355 898 2416 et
929 2349 1057 2436 injuste
1088 2349 1252 2416 solutione
1284 2351 1425 2418 liberare
1459 2360 1494 2419 εὴ

271 2434 404 2537 nisum.
440 2456 585 2521 finaliter
606 2453 747 2518 liberum
769 2450 884 2518 iacere.
932 2449 1012 2517 Ideo
1034 2449 1187 2518 omnibus
1210 2453 1247 2517 in
1277 2453 1343 2519 isto
1365 2454 1430 2540 pio,
1453 2447 1493 2522 ut

271 2526 313 2641 ἐξ
314 2526 389 2658 ἓξὲξ
400 2533 427 2576 t⁰
440 2559 612 2634 credimus,
636 2577 654 2622 e
684 2553 852 2620 meritorio
883 2552 1016 2639 negotio
1049 2554 1145 2619 nobis
1177 2554 1418 2634 assistentibus,
1448 2563 1482 2622 et

270 2657 387 2736 wituex.
436 2659 538 2744 juxts
560 2679 656 2723 suum
688 2677 783 2742 posse
809 2655 1017 2740 juvantibus
1050 2653 1114 2719 Dei
1149 2660 1183 2720 et
1215 2654 1352 2722 Domini
1385 2658 1491 2723 nostri

272 2733 378 2776 actions.
439 2760 545 2825 Jhesu
568 2757 694 2824 Christi
716 2755 987 2832 benedictionem,
1011 2761 1220 2840 peccatorum
1252 2777 1387 2822 suorum
1421 2779 1489 2823 om·

440 2862 534 2926 nium
549 2860 692 2936 veniam,
715 2863 750 2923 ct
772 2857 879 2922 vitam
902 2857 938 2920 in
964 2856 1095 2942 scriptis
1119 2857 1345 2943 promittimus
1368 2861 1488 2946 sempi-

271 2987 316 3036 An
327 2987 410 3038 mour·
440 2969 591 3042 ternam;
626 2967 660 3026 et
682 2959 778 3026 nobis
801 2980 880 3024 vero
901 2959 1203 3024 contradicentibus
1225 2959 1490 3028 maledictionem

270 3069 351 3170 ffiss}
362 3069 420 3114 1³¹⁰·
439 3065 503 3129 Dei
527 3063 774 3148 Omnipotentis
798 3061 914 3126 demus
936 3061 1134 3126 auctoritate
1157 3061 1253 3128 nobis
1276 3064 1448 3130 commissa
1470 3087 1491 3130 a

354 3157 359 3168 '
439 3167 510 3232 Deo
534 3171 568 3231 et
590 3164 726 3231 ecclesia
748 3184 816 3240 sua,
831 3168 867 3228 et
888 3163 924 3226 in
946 3161 999 3227 his
1015 3163 1147 3250 scriptis
1170 3166 1491 3246 excommunicamus

438 3267 576 3334 eosdem.
622 3265 719 3332 Fiat!
741 3265 819 3330 fist!
864 3263 1030 3350 Explicit.

454 3585 498 3652 II.
522 3584 587 3650 Hm
604 3583 752 3670 fuerunt
774 3603 892 3660 coosoe,
915 3603 1019 3668 quone
1033 3581 1223 3650 ,decollatus
1244 3591 1291 3652 cst
1322 3585 1488 3675 archicpt

726 3708 843 3773 scopus
866 3683 1039 3751 Ricordos
1062 3685 1191 3771 Scrope.

272 3891 293 3938 1.
311 3887 423 3939 mooun
484 3869 594 3932 Prima
618 3887 717 3932 causa
738 3867 811 3945 fuit,
835 3868 924 3953 quod
944 3866 1087 3934 consulit
1101 3868 1172 3954 regi
1186 3869 1230 3933 cd
1252 3870 1491 3955 poenitendum,

270 3953 397 4083 fflffi
440 3977 474 4036 et
495 3971 539 4036 sd
561 3968 834 4071 satisfaciendum¹
850 3991 909 4054 pro
938 3969 1084 4055 perjurio
1108 3991 1173 4054 quo
1190 3971 1321 4056 juravit
1352 3973 1388 4038 in
1411 3975 1492 4041 villa

271 4087 397 4147 repensor
439 4073 480 4137 de
503 4072 640 4138 Chestre
663 4091 722 4156 per
752 4076 994 4136 sacramentum
1028 4071 1171 4156 corporis
1204 4072 1379 4152 Dominici,
1404 4077 1494 4160 quod

270 4152 505 4280 lfpffl‘lnon
527 4174 701 4240 rebellaret
722 4193 783 4238 nec
798 4173 919 4257 deponi
942 4174 1141 4238 consentiret
1157 4195 1268 4260 regem
1291 4175 1491 4263 Ricardum3

269 4283 328 4346 ring
339 4284 381 4335 the
439 4279 532 4364 cujus
562 4275 762 4344 contrarium
794 4273 881 4353 fecit,
905 4274 1051 4358 cogendo
1084 4297 1194 4360 regem
1227 4276 1406 4343 Ricardum
1439 4305 1490 4349 re·
1562 4269 1565 4272 ¹

269 4360 423 4467 ffiffiffl
438 4381 568 4466 signare
602 4397 753 4445 coronam
788 4376 824 4439 in
861 4375 1080 4461 parliamento
1117 4377 1154 4440 in
1191 4379 1336 4444 crastino
1375 4381 1489 4450 Sancti

268 4482 306 4532 11.
438 4481 616 4558 Michaelis,
654 4498 741 4545 anno
757 4495 760 4502 ’
779 4476 915 4542 Domini
946 4477 1120 4542 millesimo
1151 4494 1397 4563 ccouxxxxlm,
1429 4507 1488 4571 per

469 4736 477 4769 r
495 4733 601 4801 Bm]
622 4749 666 4782 om,
680 4732 712 4782 Α,
952 4729 956 4796 Ι
1016 4731 1027 4764 2
1044 4736 1067 4780 ei
1078 4730 1175 4797 cauom]
1196 4733 1289 4782 omli.
