3586 5802
613 901 658 950 ιιι
680 900 782 950 suan
804 899 875 949 rna
898 898 1070 950 onnuron.
1297 881 1361 946 205

304 1091 481 1164 cesserunt,
504 1106 565 1152 nec
579 1085 756 1173 privilegia
770 1083 830 1151 illa
853 1105 929 1152 cum
943 1084 1150 1163 credulitate,
1175 1103 1238 1149 nec
1260 1080 1362 1147 verba

306 1211 419 1254 eorum
441 1191 479 1254 in
500 1189 599 1255 laude
621 1209 682 1255 nec
704 1189 741 1252 in
763 1188 872 1274 gratia
894 1193 1026 1273 recepta
1048 1192 1137 1251 sunt.

353 1293 431 1357 Non
454 1297 567 1356 tamen
588 1290 698 1356 adhuc
712 1290 937 1355 destituerunt
959 1289 1192 1405 professionem
1214 1293 1362 1352 nostram
1375 1303 1509 1356 Trecen-

307 1394 435 1478 pretio
437 1399 562 1459 taxare
609 1392 691 1457 Erat
713 1411 803 1457 nuno
825 1391 1023 1458 camerarius
1046 1391 1181 1476 quidam
1204 1389 1362 1454 subdolus
1375 1372 1488 1490 ¹⁹22¹²l2¹t

310 1499 345 1560 et
377 1515 528 1581 nequam,
562 1493 734 1559 familiaris
768 1497 803 1558 et
836 1495 953 1578 potens
984 1493 1075 1578 apud
1113 1492 1294 1569 dominum,
1329 1496 1363 1555 et
1374 1453 1401 1553 b
1413 1453 1520 1556 sieut?

309 1617 429 1683 papam
461 1618 519 1683 per
551 1595 647 1661 illum
674 1594 800 1660 efficere
826 1595 936 1661 conati
967 1601 1054 1673 sunt,
1078 1615 1199 1681 magna
1229 1593 1362 1658 domino
1375 1569 1482 1686 222¹ss

309 1719 403 1784 papae
436 1704 471 1763 et
507 1699 572 1784 ipsi
609 1697 809 1784 pollicentes,
841 1702 881 1762 ut
917 1697 1079 1813 primatus
1115 1694 1203 1762 (lant
1189 1654 1527 1818 tua1iensisbribygythe
1614 1740 1615 1744 =

312 1800 455 1866 ecclesiae
492 1801 733 1867 concederetur
778 1798 830 1864 De
864 1799 956 1865 curia
989 1799 1101 1864 nullus
1139 1799 1185 1864 eis
1219 1769 1449 1876 favebatfhm
1375 1773 1521 1887 loinorbbe

311 1902 418 1968 tribus
450 1903 605 1989 exceptis,
629 1907 663 1968 et
694 1901 760 1966 illis
792 1901 927 2018 quidem
961 1902 1097 1968 modicae
1119 1901 1208 1967 inter
1229 1907 1449 1968 carnosiore·

311 2005 526 2070 auctoritatis.
573 2005 733 2070 Omnium
765 2003 832 2068 fere
863 2003 997 2080 civium,
1028 2004 1198 2082 nobilium,
1222 2010 1256 2069 et
1289 2026 1363 2091 pro-
1376 2028 1429 2078 But
1439 2029 1481 2090 su

238 2181 239 2185 ,
312 2106 429 2172 borum
467 2107 733 2173 benevolentiam
766 2126 835 2170 non
865 2105 1017 2173 habebat.
1078 2106 1241 2172 Dominus
1279 2110 1421 2193 papam
1378 2066 1528 2211 metricat

313 2209 487 2275 mandavit
517 2208 760 2294 archiepiscopo
791 2211 913 2286 nostro,
936 2209 1103 2293 quatinus,
1126 2209 1155 2272 si
1178 2230 1244 2294 qua
1266 2209 1366 2275 habe·
1377 2176 1516 2279 magnus

312 2309 365 2376 ret
386 2311 601 2388 munimenta,
624 2331 733 2376 ooram
762 2307 902 2376 afferret
947 2309 1009 2375 Ille
1032 2332 1110 2376 vero
1133 2311 1302 2396 respondit
1331 2333 1366 2376 se
1378 2294 1515 2411 T¹2¹22¹¹20¹⁸

313 2411 406 2477 nulla
427 2411 587 2491 attulisse,
611 2411 691 2526 quia
713 2431 782 2475 non
803 2410 847 2476 ad
877 2432 1009 2478 causam
1032 2413 1089 2478 sed
1114 2411 1157 2477 ad
1180 2413 1366 2480 Concilium
1379 2427 1502 2477 showhis

313 2517 450 2579 vocatus
473 2517 628 2592 venerat3
658 2513 695 2575 in
721 2531 788 2596 qua
817 2509 924 2575 solum
948 2510 1203 2578 Cantuarienses
1226 2514 1367 2580 confide·
1380 2493 1525 2560 pnvneger

313 2612 405 2681 bant.
450 2614 502 2680 De
524 2635 653 2681 camera
682 2612 789 2678 nostri
821 2612 974 2699 aliquant
975 2637 1031 2679 um
1054 2614 1256 2694 diffidebant,
1280 2616 1368 2681 unde

314 2723 349 2782 et
371 2717 570 2803 quibusdam
600 2713 823 2784 cardinalibus
847 2715 1027 2782 dixerunt:
1060 2719 1158 2784 “No
1181 2740 1249 2785 non
1270 2720 1368 2784 time-

314 2823 429 2884 “mus
465 2820 601 2897 curiam,
639 2818 697 2883 sed
734 2818 924 2884 cameram.'’
987 2819 1116 2900 Quibus
1160 2820 1241 2886 ille:
1279 2821 1369 2886 “Per

315 2919 517 2987 “Sanctum
544 2919 690 2998 Petrum,
714 2919 743 2983 si
776 2938 905 2985 camera
926 2925 1041 2986 contra
1063 2921 1189 2988 curiam
1215 2922 1269 2988 vel
1301 2945 1369 2988 mo-

316 3029 333 3058 “
356 3028 429 3089 tum
452 3046 557 3089 unum
579 3023 713 3110 mittere
737 3023 961 3106 temptaverit,
984 3024 1100 3090 audiet
1121 3045 1195 3110 quae
1217 3025 1369 3092 voluerit.

315 3133 335 3161 “
357 3125 452 3193 Sicut
483 3127 638 3192 dominus
671 3145 759 3212 papa
779 3124 963 3202 mandavit,
986 3125 1014 3190 si
1045 3147 1112 3212 qua
1144 3127 1274 3194 habetis
1297 3151 1370 3194 mu-

316 3236 334 3264 “
356 3229 516 3306 nimenta,
538 3249 647 3296 coram
681 3227 789 3312 legere
822 3246 865 3290 ne
896 3227 1102 3294 timueritis.’'
1148 3229 1241 3296 'lunc
1264 3231 1369 3296 archi·
1383 3249 1522 3301 Theron

316 3331 486 3418 episcopus
523 3336 653 3397 noster·
696 3327 851 3394 “Literna
883 3328 1012 3416 aliquas
1043 3331 1122 3398 sooii
1156 3333 1269 3411 nostri,
1301 3355 1369 3398 non
1381 3317 1518 3450 fflbny

316 3435 473 3521 ‘rogati
507 3454 619 3502 secum
652 3431 771 3498 fortuit
756 3436 795 3498 tu
827 3432 1028 3512 detulerunt,
1052 3454 1120 3500 non
1149 3435 1303 3513 bullatas,
1334 3442 1498 3501 etinformn

315 3540 523 3627 “privilegii
560 3539 665 3605 nostri
694 3539 911 3628 exemplum.''
966 3539 1038 3604 “Et
1069 3539 1169 3618 1119„n
1201 3541 1366 3626 mquiunt
1379 3517 1505 3632 fflom

313 3651 463 3710 “coram
484 3642 612 3720 allatas,
634 3641 760 3729 legit”
717 3664 742 3708 o.
808 3643 954 3711 oonsilio
977 3663 1090 3708 eorum
1112 3643 1163 3710 ita
1192 3643 1264 3709 fieri
1292 3665 1366 3711 con-

313 3766 440 3813 oessum
464 3748 522 3811 est

359 3847 478 3912 Altera
508 3845 562 3911 die
596 3845 862 3934 archiepiscopus
893 3851 1006 3913 noster
1039 3847 1176 3913 veniens
1210 3852 1288 3914 ante
1312 3849 1368 3913 do·
1380 3856 1484 3906 Turstin

316 3949 444 4012 minum
477 3967 598 4034 papam
631 3959 665 4012 et
699 3949 825 4014 curiam
856 3949 1022 4034 praedixit,
1045 3949 1211 4065 quoniam
1243 3950 1290 4016 sie
1321 3924 1527 4054 ιιιξζξῖοζζ.

315 4049 474 4136 placebat,
509 4049 622 4115 literas
656 4049 824 4134 quasdam,
856 4071 938 4134 quus
976 4049 1054 4116 socii
1086 4051 1138 4116 sui
1172 4051 1368 4132 detulerant,

316 4149 458 4216 libenter
492 4149 674 4227 ostendere,
696 4171 764 4215 non
797 4150 932 4236 quidem
965 4151 1104 4216 modo
1094 4173 1131 4216 ιιι
1160 4173 1292 4218 causam
1318 4155 1369 4219 in·

315 4257 412 4318 trare.
466 4250 504 4316 Si
536 4251 626 4316 enim
659 4250 703 4317 ad
735 4251 797 4318 hoo
830 4257 969 4318 vocatus
991 4251 1174 4331 fuissetet
1159 4254 1301 4320 toleris
1335 4263 1370 4324 et

317 4353 448 4440 scriptia
470 4353 568 4418 aliter
588 4358 624 4420 et
652 4352 735 4418 bene
765 4354 915 4419 munitus
937 4354 1089 4422 venisset
1147 4355 1199 4423 De
1223 4357 1369 4426 Cantua-

317 4454 481 4521 riensibus
502 4475 544 4518 nc
568 4473 654 4519 nnus
677 4445 811 4540 quidem
833 4455 956 4521 aderat

360 4556 461 4622 Lecta
494 4559 545 4620 est
576 4554 681 4641 igitur
713 4555 820 4641 primo
852 4556 993 4642 epistola
1014 4558 1111 4624 Beati
1139 4559 1288 4648 Gregorii
1323 4563 1367 4629 ad
1379 4564 1507 4630 rheyare

315 4656 543 4745 Augustinum
566 4677 667 4743 quam
688 4656 739 4721 illi
761 4657 1009 4745 privilegiorum
1033 4664 1167 4728 suorum
1189 4665 1367 4731 novissime
1379 4631 1535 4765 opeGeaoepgs

316 4759 472 4846 legerant.
519 4759 571 4826 De
594 4758 792 4910 quibusdam
823 4759 912 4827 inter
932 4783 967 4828 so
991 4762 1252 4850 disceptantibus
1275 4767 1400 4840 illam
1380 4765 1530 4815 Μουθ-

1380 4829 1441 4881 rius.
