3606 5798
378 935 383 942 ,
411 865 477 930 260
634 875 717 926 vrri
739 875 928 926 ruunsrnu
951 875 1215 930 momnruooru

412 1167 543 1244 electus,
565 1167 626 1231 uu'x
648 1165 787 1232 obtentu
807 1187 829 1231 u
851 1187 926 1252 rege
951 1165 1093 1246 lieentia,
1117 1166 1334 1254 personaliter
1358 1164 1465 1242 offuit,

412 1289 546 1336 causum
569 1267 713 1334 eoolesiee
739 1289 807 1332 suae
831 1266 979 1334 Concilio
1009 1269 1095 1335 ferre
1125 1269 1248 1335 volens.
1295 1267 1464 1334 Praemise·

412 1377 466 1436 rut
503 1375 616 1438 tumui
646 1391 705 1434 rex
736 1369 779 1435 sd
817 1390 953 1455 papum
979 1393 1021 1436 ne
1051 1371 1289 1437 Eboruoensem
1324 1367 1465 1434 electum

413 1476 623 1550 oonseorsret,
646 1491 707 1538 neo
729 1471 772 1536 sb
798 1471 910 1558 aliquo
943 1471 1154 1557 permitteret
1188 1471 1378 1546 oonseoruri,
1399 1469 1466 1534 nisi

414 1579 548 1640 tentum
584 1594 606 1639 s
644 1572 834 1638 Cuntuuriae
871 1572 1125 1660 archiepiscopo
1169 1573 1221 1639 uti
1259 1573 1359 1637 moris
1396 1591 1465 1636 esse

415 1675 549 1742 solebut
595 1673 662 1740 Sed
691 1673 754 1741 hoo
775 1693 843 1738 non
865 1673 1019 1740 obstante
1041 1679 1251 1741 oonseorutur
1274 1673 1409 1751 ibidem,
1432 1675 1466 1737 et

306 1773 318 1806 ¹
414 1779 548 1842 firmum
569 1775 640 1863 ejus
662 1776 868 1863 propositum
890 1797 912 1842 u
933 1781 1004 1842 toto
1028 1775 1176 1843 Concilio
1199 1775 1466 1854 oommendstur;

415 1880 585 1964 iratusque
616 1898 676 1942 rex
710 1877 886 1943 interdixit
915 1877 946 1943 ei
969 1878 1115 1968 reditum
1137 1878 1174 1944 in
1201 1871 1333 1944 omnem
1362 1875 1466 1942 domi·

287 1982 291 2000 ¹
405 1980 560 2046 'notionis
590 2000 659 2044 sure
691 1978 807 2044 looum.
846 1978 1061 2045 Postmodum
1083 2001 1161 2046 vero
1183 1979 1349 2066 temporis,
1372 1977 1467 2043 vonit

415 2103 501 2169 pape
528 2081 680 2149 Oulixtus
705 2080 906 2166 Gysortium,
930 2081 989 2146 ubi
1019 2081 1160 2148 ooourrit
1191 2081 1222 2147 ei
1255 2103 1315 2146 rex
1345 2079 1466 2145 Henri-

415 2205 484 2262 ous,
514 2187 550 2248 et
580 2182 774 2268 impetravit
801 2202 824 2247 u
856 2202 943 2268 popu
976 2187 1016 2247 ut
1048 2182 1213 2248 neminem
1254 2181 1401 2268 legatum
1430 2181 1467 2266 in

415 2285 572 2372 Anglinm
613 2285 770 2364 mitteret
805 2304 866 2350 neo
900 2282 1005 2352 offioio
1036 2285 1137 2375 legati
1170 2283 1265 2370 fungi
1295 2284 1467 2370 permitte·

415 2393 475 2464 ret,
502 2385 567 2451 nisi
600 2383 783 2471 postularet
822 2385 885 2451 hoo
924 2385 996 2470 ipse
1032 2407 1092 2451 rex
1124 2385 1292 2452 ooousione
1325 2385 1466 2469 ulioujus

415 2487 565 2574 querelae,
580 2508 655 2572 quse
677 2507 736 2572 per
753 2486 919 2572 episeopus
935 2485 1066 2572 Anglie
1089 2487 1226 2553 uereri
1247 2507 1315 2551 non
1337 2490 1465 2571 posset3

415 2592 472 2656 sed
495 2612 563 2656 non
586 2590 733 2656 obtinuit
754 2589 813 2655 illu
835 2591 915 2656 vioe
961 2590 1035 2656 Rex
1058 2591 1147 2655 enim
1169 2590 1328 2682 assentire
1350 2588 1467 2665 noluit,

387 2729 391 2736 ·
415 2693 481 2758 nisi
496 2690 734 2777 subjectionem
750 2712 849 2775 quum
872 2689 1124 2777 praedecessores
1139 2691 1191 2756 sui
1206 2691 1353 2757 fecerent
1368 2689 1467 2756 eoele-

416 2794 474 2858 siae
498 2792 688 2860 Guntusriae
711 2791 814 2859 vellet
843 2797 878 2858 et
901 2793 971 2878 ipse
994 2793 1108 2870 seuere,
1132 2793 1190 2858 sed
1220 2795 1354 2859 omnino
1376 2815 1469 2858 reuu-

416 2893 513 2960 sevit.
559 2893 659 2960 Unde
691 2899 726 2960 ot
759 2893 913 2960 dominus
951 2915 1046 2980 pepe,
1078 2894 1310 2974 resedentibus
1342 2895 1469 2959 nuntiis

416 2996 511 3082 regis,
526 2995 669 3062 inflexus
692 2989 864 3061 favoribus
887 3001 947 3061 eut
969 2996 1171 3074 muneribus,
1194 2993 1346 3061 oullidius
1369 3017 1469 3081 quum

417 3104 552 3164 tentum
581 3097 691 3170 virum
726 3097 845 3175 denuit,
869 3102 904 3162 et
929 3096 1147 3162 Thurstinum
1181 3101 1292 3183 spreta
1325 3095 1470 3182 untiqui-

250 3189 381 3290 T'hepope
419 3200 499 3264 tatis
522 3198 636 3286 regulo
656 3199 869 3277 consecravit,
888 3197 1026 3286 pallium
1048 3199 1197 3264 tradidit
1244 3197 1289 3262 Et
1310 3197 1388 3264 lioet
1409 3217 1469 3261 rex

249 3280 401 3409 {mm
420 3298 585 3366 Henrious
615 3321 657 3364 ex
690 3298 753 3366 hoc
784 3299 964 3386 plurimum
996 3299 1189 3386 indignatus
1222 3303 1316 3376 esset,
1347 3304 1469 3364 terrum

252 3410 512 3474 girammdsuum
543 3399 722 3465 Thurstino
749 3399 950 3486 prohiberet,
987 3399 1186 3486 Apostoliois
1220 3405 1333 3464 tumen
1365 3398 1470 3463 literis

250 3475 405 3595 fflffssffl·
418 3500 612 3588 perterritus
643 3505 701 3577 est,
733 3501 857 3594 ¹quibus
892 3499 1162 3586 comprehensum
1193 3499 1304 3565 fuerat
1336 3504 1376 3564 ut
1409 3503 1469 3563 sut

418 3601 635 3666 Thurstinum
668 3601 870 3680 admitteret,
892 3607 952 3667 eut
985 3601 1056 3688 ipse
1082 3623 1141 3666 rex
1163 3601 1370 3667 anathemati
1392 3601 1469 3665 sub·

413 3705 548 3791 jaceret,
576 3708 611 3770 et
634 3701 796 3770 Oentuuri
818 3703 1095 3791 (archiepiscopus
1119 3703 1174 3789 ab)
1191 3701 1290 3770 officii
1304 3703 1469 3788 dignitate

418 3805 679 3892 suspenderetur.
752 3805 971 3890 Quamobrem
1009 3825 1069 3871 rex
1109 3806 1218 3892 ipsum
1253 3803 1469 3870 Thurstinum

418 3907 554 3973 tandem
576 3911 708 3974 oouotus
731 3901 874 3974 admisit.

364 3999 367 4006 ’
464 4009 624 4074 Attamen
676 4013 751 4094 post
796 4007 1010 4074 intervallum
1060 4003 1225 4094 temporis,
1271 4005 1471 4072 Thurstinus

420 4109 634 4177 Eboruoensis
663 4109 934 4200 arehiepisoopus,
958 4109 1125 4176 medianto
1147 4109 1274 4177 Oelixti
1297 4129 1393 4196 pupae
1414 4108 1471 4174 be·

419 4212 618 4290 novolentis,
656 4213 696 4277 de
735 4231 894 4278 consensu
931 4211 1017 4298 regis
1054 4231 1215 4298 expresso,
1253 4233 1312 4297 per
1359 4211 1471 4277 literas

418 4313 624 4400 Apostolioss
669 4315 705 4379 in
746 4335 842 4379 suum
888 4313 1110 4380 introducitur
1154 4313 1470 4400 archiepiscopatum

420 4415 543 4500 absque
581 4415 647 4480 sliu
685 4415 856 4482 exustione
895 4414 1112 4500 professionis,
1150 4419 1185 4479 et
1221 4415 1347 4480 emious
1384 4413 1472 4500 regis

255 4529 396 4608 vernerus
419 4515 555 4581 effeetus
577 4521 634 4581 est.
680 4513 732 4581 De
757 4537 822 4601 quo
846 4517 979 4602 quidem
1002 4515 1183 4581 Thurstino
1198 4516 1334 4602 quidam
1358 4521 1472 4582 moriu-

250 4595 376 4727 ἓξὲξ
419 4615 500 4682 ohus
533 4615 730 4682 venerabilis
762 4618 802 4682 de
827 4617 1045 4695 pontefracto,
1070 4617 1171 4705 Hugo
1201 4618 1401 4697 nominatus,
1424 4618 1472 4684 sio

248 4727 363 4844 ἓξὲξ-
418 4718 552 4785 metrioe
575 4717 665 4785 ounit
687 4739 810 4785 versus.
