3454 5816
439 813 503 880 47⁶2
679 825 843 876 luorum
866 825 1042 876 narniens
1064 825 1262 874 cuaorucne

272 1028 420 1078 Alsowd-
483 1015 574 1100 Gray
597 1013 762 1079 Walterus
784 1019 899 1100 postea
920 1014 961 1080 de
984 1034 1071 1080 novo
1093 1017 1243 1100 paratam

270 1095 397 1160 ΨΜ·
483 1117 524 1180 In
547 1137 678 1203 capsam
701 1123 892 1203 argenteam
915 1117 1074 1182 trarusfert
1096 1116 1306 1183 deauratam:
1476 1111 1524 1170 80

484 1217 564 1282 Osse
588 1218 640 1283 vel
664 1218 804 1284 articulo
826 1218 918 1282 nullo
941 1223 1023 1284 tunc
1045 1217 1186 1294 emebat,

484 1319 539 1385 Sic
561 1327 663 1406 caput
685 1321 834 1398 exterius
856 1321 925 1386 fore
949 1320 1153 1407 disponebat

483 1421 618 1486 Dierum
643 1421 868 1508 indulgentias
891 1422 1030 1510 triginta
1052 1421 1219 1498 concessit,

484 1522 534 1588 Ut
556 1545 614 1609 per
636 1545 712 1588 suas
733 1524 845 1590 literas
867 1529 1020 1610 petentes
1042 1523 1212 1610 expressit,
1527 1605 1531 1612 ⁵

483 1625 581 1690 Diem
605 1626 879 1712 prothomartyris
902 1627 938 1692 in
961 1625 1094 1694 Natalis
1115 1627 1199 1692 festo
1469 1621 1518 1682 85

484 1728 607 1794 Locum
629 1729 845 1796 visitantibus
867 1751 942 1796 cum
966 1731 1063 1798 corde
1085 1729 1241 1796 modesto.

484 1831 571 1916 Ergo
594 1831 679 1898 nulli
702 1832 840 1898 dubium
864 1854 938 1900 ossa
959 1837 1213 1920 praesentantur,

484 1933 577 1998 Licet
599 1955 657 2020 per
679 1936 881 2002 contrarium
904 1935 1015 2022 plures
1038 1935 1269 2022 obloquantur.

483 2035 569 2100 Bosa
590 2036 660 2100 sive
683 2037 793 2102 caeteri
815 2037 926 2102 sedem
949 2041 1152 2124 occupantes,

310 2161 375 2195 euu-
485 2135 587 2216 Quasi
610 2137 810 2224 suffraganei
832 2159 945 2206 curum
968 2139 1206 2216 ministrantes,
1461 2133 1513 2197 90

342 2295 375 2328 οὓ
482 2239 580 2304 Forte
603 2245 684 2305 sunt
705 2239 839 2305 obnoxii
861 2239 1012 2306 fraudem
1034 2262 1101 2308 non
1127 2239 1308 2314 tendentes

483 2340 549 2404 Sed
571 2362 703 2427 gregem
726 2341 934 2409 Dominicam
958 2343 1077 2410 devote
1099 2347 1277 2427 pascentes.

484 2442 561 2506 Non
583 2442 742 2508 audemus
765 2442 872 2510 dicere
894 2443 978 2509 tales
1001 2443 1182 2508 intrusores

482 2543 524 2608 In
546 2565 657 2610 curam
680 2545 824 2623 alterius,
848 2565 908 2612 nec
931 2567 1025 2612 veros
1049 2550 1204 2632 pastores.

483 2647 548 2711 Sed
571 2647 641 2712 Deo
664 2647 903 2714 committimus
926 2647 988 2714 hoo
1012 2648 1077 2728 Qui
1100 2653 1222 2714 cuncta
1243 2644 1360 2721 noscit,
1452 2645 1501 2709 95

483 2749 613 2835 Quique
636 2750 751 2837 dignos
774 2750 899 2836 recipit,
922 2771 990 2815 non
1012 2749 1167 2836 indignos
1189 2771 1271 2835 quos
1293 2748 1362 2812 scit.

341 2945 376 2979 Ν
483 2958 576 3022 Tunc
599 2957 744 3043 suscepit
765 2957 912 3042 regimen
936 2957 1023 3022 sedis
1047 2957 1206 3036 Eboraci3

483 3061 528 3124 Et
549 3060 639 3125 rexit
659 3058 815 3125 nobiliter
837 3058 943 3145 ipsam
965 3058 1081 3123 multis
1104 3058 1209 3134 annis,

483 3161 585 3226 Fama
607 3183 666 3247 per
687 3161 892 3248 provinciam
915 3160 1081 3226 mesoebet
1102 3158 1273 3224 Johsnnis
1423 3157 1498 3220 100
1683 3117 1684 3204 i

482 3263 561 3328 Post
583 3263 735 3329 vicenum
758 3263 895 3328 tertium
918 3283 1043 3328 annum
1067 3261 1272 3347 praesulatus,

482 3364 545 3429 Per
567 3364 693 3430 labores
715 3364 875 3450 plurimos
897 3364 989 3428 senio
1011 3367 1180 3449 gravatus,

482 3467 610 3554 Nequit
632 3488 690 3553 per
713 3466 868 3534 diocesim
891 3465 983 3532 ultra
1004 3464 1161 3542 laborare,

482 3569 516 3632 N
518 3591 554 3635 ec
575 3589 687 3635 curam
711 3568 854 3654 episcopi
876 3567 981 3634 lassus
1005 3567 1202 3632 ministrare.

482 3671 576 3736 Tune
597 3669 770 3734 Wilfridus
792 3669 914 3734 Junior
936 3667 1008 3755 ejus
1029 3667 1221 3754 capellanus
1424 3668 1492 3729 105

337 3769 366 3803 or
396 3771 416 3804 ¹⁸
483 3771 596 3837 Crevit
611 3772 647 3836 in
670 3770 862 3848 virtutibus,
885 3770 921 3834 in
943 3770 1095 3836 doctrino
1117 3790 1234 3849 sanus3

481 3873 576 3938 Sedis
598 3872 829 3939 celsitudinem
852 3871 917 3936 sibi
939 3870 1131 3956 resignavit,

481 3975 597 4060 Gregis
619 3972 870 4038 multitudinem
892 3969 1044 4038 noonon¹
1067 3969 1321 4040 commendavit

481 4077 536 4143 Sic
557 4077 600 4141 ad
622 4076 858 4141 monasterium
881 4073 1038 4142 Beverlac
1059 4075 1200 4152 secessit,

481 4178 577 4260 Quod
599 4177 669 4263 ipse
691 4176 898 4254 fundaverat,
920 4175 979 4240 ubi
998 4175 1068 4261 jam
1091 4175 1239 4262 quiescit
1425 4175 1492 4237 110

480 4279 666 4346 Monachali
689 4278 807 4346 habitu
830 4278 953 4344 ibidem
976 4278 1124 4358 indutus,

479 4383 530 4448 De
553 4381 673 4447 laboris
695 4382 831 4467 praemio
853 4381 933 4448 coelo
955 4379 1022 4446 fuit
1044 4385 1148 4446 tutus.

479 4484 524 4548 Et
546 4489 621 4569 post
644 4483 897 4570 quadriennium
920 4484 1058 4569 inpare
1081 4483 1267 4560 defunctus,

479 4585 560 4650 Oaeli
583 4586 712 4652 scandit
734 4585 873 4672 gloriam
896 4585 967 4652 Deo
991 4607 1050 4650 suo
1071 4586 1218 4672 junctus.

816 4763 824 4797 ¹
843 4763 949 4830 nemon]
970 4771 1055 4828 atque,
1067 4763 1103 4814 A.
