<?xml version="1.0" encoding="UTF-8"?>
<!DOCTYPE html PUBLIC "-//W3C//DTD XHTML 1.0 Transitional//EN"
    "http://www.w3.org/TR/xhtml1/DTD/xhtml1-transitional.dtd">
<html xmlns="http://www.w3.org/1999/xhtml" xml:lang="en" lang="en">
 <head>
  <title>
</title>
<meta http-equiv="Content-Type" content="text/html;charset=utf-8" />
  <meta name='ocr-system' content='tesseract 3.04.00' />
  <meta name='ocr-capabilities' content='ocr_page ocr_carea ocr_par ocr_line ocrx_word'/>
</head>
<body>
  <div class='ocr_page' id='page_1' title='image "./historianschurc00raingoog/historianschurc00raingoog_0501.png"; bbox 0 0 3454 5816; ppageno 0'>
   <div class='ocr_carea' id='block_1_1' title="bbox 528 880 1308 946">
    <p class='ocr_par' dir='ltr' id='par_1_1' title="bbox 528 880 1308 946">
     <span class='ocr_line' id='line_1_1' title="bbox 528 880 1308 946; baseline 0.001 -3"><span class='ocrx_word' id='word_1_1' title='bbox 528 897 571 944; x_wconf 84' lang='lat' dir='ltr'><strong>or</strong></span> <span class='ocrx_word' id='word_1_2' title='bbox 594 895 663 944; x_wconf 77' lang='lat' dir='ltr'><strong>rue</strong></span> <span class='ocrx_word' id='word_1_3' title='bbox 686 895 830 946; x_wconf 79' lang='lat' dir='ltr'><strong>osunen</strong></span> <span class='ocrx_word' id='word_1_4' title='bbox 853 895 896 945; x_wconf 86' lang='lat' dir='ltr'><strong>or</strong></span> <span class='ocrx_word' id='word_1_5' title='bbox 920 895 1024 944; x_wconf 78' lang='lat' dir='ltr'><strong>ronx.</strong></span> <span class='ocrx_word' id='word_1_6' title='bbox 1243 880 1308 944; x_wconf 77' lang='lat'><strong>459</strong></span> 
     </span>
    </p>
   </div>
   <div class='ocr_carea' id='block_1_2' title="bbox 181 1083 1478 3102">
    <p class='ocr_par' dir='ltr' id='par_1_2' title="bbox 181 1083 1478 3102">
     <span class='ocr_line' id='line_1_2' title="bbox 262 1083 1148 1171; baseline 0.002 -23"><span class='ocrx_word' id='word_1_7' title='bbox 262 1083 487 1168; x_wconf 86' lang='lat' dir='ltr'><strong>Proscriptus¹</strong></span> <span class='ocrx_word' id='word_1_8' title='bbox 511 1085 633 1169; x_wconf 80' lang='lat' dir='ltr'><strong>praesul</strong></span> <span class='ocrx_word' id='word_1_9' title='bbox 656 1085 745 1149; x_wconf 89' lang='lat' dir='ltr'><strong>Petri</strong></span> <span class='ocrx_word' id='word_1_10' title='bbox 768 1085 878 1150; x_wconf 88' lang='lat' dir='ltr'><strong>sedem</strong></span> <span class='ocrx_word' id='word_1_11' title='bbox 902 1085 987 1170; x_wconf 89' lang='lat' dir='ltr'><strong>petit</strong></span> <span class='ocrx_word' id='word_1_12' title='bbox 1011 1087 1148 1171; x_wconf 83' lang='lat' dir='ltr'><strong>[atque],</strong></span> 
     </span>
     <span class='ocr_line' id='line_1_3' title="bbox 305 1184 952 1272; baseline 0.005 -24"><span class='ocrx_word' id='word_1_13' title='bbox 305 1184 482 1250; x_wconf 78' lang='lat' dir='ltr'>Decretum</span> <span class='ocrx_word' id='word_1_14' title='bbox 505 1207 600 1271; x_wconf 80' lang='lat' dir='ltr'><strong>papae</strong></span> <span class='ocrx_word' id='word_1_15' title='bbox 623 1185 829 1272; x_wconf 82' lang='lat' dir='ltr'><strong>Conciliique</strong></span> <span class='ocrx_word' id='word_1_16' title='bbox 852 1187 952 1272; x_wconf 90' lang='lat' dir='ltr'><strong>cupit.</strong></span> 
     </span>
     <span class='ocr_line' id='line_1_4' title="bbox 262 1285 1306 1374; baseline 0.002 -24"><span class='ocrx_word' id='word_1_17' title='bbox 262 1285 380 1371; x_wconf 85' lang='lat' dir='ltr'><strong>Sicque</strong></span> <span class='ocrx_word' id='word_1_18' title='bbox 402 1291 497 1371; x_wconf 80' lang='lat' dir='ltr'><strong>puter</strong></span> <span class='ocrx_word' id='word_1_19' title='bbox 519 1292 660 1372; x_wconf 84' lang='lat' dir='ltr'><strong>patrum,</strong></span> <span class='ocrx_word' id='word_1_20' title='bbox 683 1288 846 1374; x_wconf 84' lang='lat' dir='ltr'><strong>generalis</strong></span> <span class='ocrx_word' id='word_1_21' title='bbox 867 1289 979 1354; x_wconf 89' lang='lat' dir='ltr'><strong>concio</strong></span> <span class='ocrx_word' id='word_1_22' title='bbox 1003 1290 1141 1354; x_wconf 82' lang='lat' dir='ltr'><strong>fratrum</strong></span> <span class='ocrx_word' id='word_1_23' title='bbox 1243 1289 1306 1357; x_wconf 84' lang='lat'><strong>375</strong></span> 
     </span>
     <span class='ocr_line' id='line_1_5' title="bbox 304 1389 1023 1475; baseline 0.006 -22"><span class='ocrx_word' id='word_1_24' title='bbox 304 1389 367 1456; x_wconf 86' lang='lat' dir='ltr'><strong>Pro</strong></span> <span class='ocrx_word' id='word_1_25' title='bbox 390 1389 543 1456; x_wconf 76' lang='lat' dir='ltr'><strong>libertate</strong></span> <span class='ocrx_word' id='word_1_26' title='bbox 561 1389 726 1475; x_wconf 88' lang='lat' dir='ltr'><strong>judicium</strong></span> <span class='ocrx_word' id='word_1_27' title='bbox 749 1391 916 1458; x_wconf 82' lang='lat' dir='ltr'><strong>dederant.</strong></span> <span class='ocrx_word' id='word_1_28' title='bbox 1021 1417 1023 1424; x_wconf 60' lang='lat'><strong>¹</strong></span> 
     </span>
     <span class='ocr_line' id='line_1_6' title="bbox 260 1492 1062 1580; baseline 0.006 -25"><span class='ocrx_word' id='word_1_29' title='bbox 260 1492 333 1570; x_wconf 78' lang='lat' dir='ltr'><strong>Fas,</strong></span> <span class='ocrx_word' id='word_1_30' title='bbox 356 1513 468 1570; x_wconf 79' lang='lat' dir='ltr'><strong>canon,</strong></span> <span class='ocrx_word' id='word_1_31' title='bbox 489 1492 574 1578; x_wconf 80' lang='lat' dir='ltr'><strong>jura,</strong></span> <span class='ocrx_word' id='word_1_32' title='bbox 597 1498 730 1578; x_wconf 87' lang='lat' dir='ltr'><strong>petrum</strong></span> <span class='ocrx_word' id='word_1_33' title='bbox 754 1493 887 1559; x_wconf 76' lang='lat' dir='ltr'><strong>decreta</strong></span> <span class='ocrx_word' id='word_1_34' title='bbox 908 1495 1062 1580; x_wconf 87' lang='lat' dir='ltr'><strong>priorum,</strong></span> 
     </span>
     <span class='ocr_line' id='line_1_7' title="bbox 305 1591 1030 1681; baseline 0.003 -23"><span class='ocrx_word' id='word_1_35' title='bbox 305 1593 451 1659; x_wconf 88' lang='lat' dir='ltr'><strong>Horrent</strong></span> <span class='ocrx_word' id='word_1_36' title='bbox 474 1597 508 1658; x_wconf 89' lang='lat' dir='ltr'><strong>et</strong></span> <span class='ocrx_word' id='word_1_37' title='bbox 530 1591 708 1678; x_wconf 73' lang='lat' dir='ltr'><strong>prohibent</strong></span> <span class='ocrx_word' id='word_1_38' title='bbox 730 1593 811 1659; x_wconf 79' lang='lat' dir='ltr'><strong>telio</strong></span> <span class='ocrx_word' id='word_1_39' title='bbox 834 1617 928 1680; x_wconf 81' lang='lat' dir='ltr'><strong>posse</strong></span> <span class='ocrx_word' id='word_1_40' title='bbox 951 1597 1030 1681; x_wconf 81' lang='lat' dir='ltr'><strong>peti.</strong></span> 
     </span>
     <span class='ocr_line' id='line_1_8' title="bbox 261 1691 1444 1780; baseline 0.003 -25"><span class='ocrx_word' id='word_1_41' title='bbox 261 1691 362 1758; x_wconf 88' lang='lat' dir='ltr'><strong>Hunc</strong></span> <span class='ocrx_word' id='word_1_42' title='bbox 384 1691 483 1758; x_wconf 75' lang='lat' dir='ltr'><strong>saeris</strong></span> <span class='ocrx_word' id='word_1_43' title='bbox 506 1691 658 1756; x_wconf 83' lang='lat' dir='ltr'><strong>menibus</strong></span> <span class='ocrx_word' id='word_1_44' title='bbox 682 1691 826 1758; x_wconf 79' lang='lat' dir='ltr'><strong>sacravit</strong></span> <span class='ocrx_word' id='word_1_45' title='bbox 848 1715 936 1779; x_wconf 82' lang='lat' dir='ltr'><strong>papo</strong></span> <span class='ocrx_word' id='word_1_46' title='bbox 960 1694 1128 1770; x_wconf 72' lang='lat' dir='ltr'><strong>KalixtuS,</strong></span> <span class='ocrx_word' id='word_1_47' title='bbox 1323 1703 1444 1780; x_wconf 72' lang='lat' dir='ltr'><strong>uisoqu-</strong></span> 
     </span>
     <span class='ocr_line' id='line_1_9' title="bbox 181 1777 1465 1897; baseline 0.002 -39"><span class='ocrx_word' id='word_1_48' title='bbox 181 1824 184 1832; x_wconf 87' lang='lat'>.</span> <span class='ocrx_word' id='word_1_49' title='bbox 304 1794 350 1859; x_wconf 90' lang='lat' dir='ltr'><strong>Et</strong></span> <span class='ocrx_word' id='word_1_50' title='bbox 371 1794 588 1880; x_wconf 75' lang='lat' dir='ltr'><strong>suffragantes</strong></span> <span class='ocrx_word' id='word_1_51' title='bbox 607 1793 709 1878; x_wconf 87' lang='lat' dir='ltr'><strong>jussit</strong></span> <span class='ocrx_word' id='word_1_52' title='bbox 731 1794 850 1860; x_wconf 81' lang='lat' dir='ltr'><strong>habere</strong></span> <span class='ocrx_word' id='word_1_53' title='bbox 874 1801 1010 1881; x_wconf 81' lang='lat' dir='ltr'><strong>putrem.</strong></span> <span class='ocrx_word' id='word_1_54' title='bbox 1243 1801 1308 1862; x_wconf 78' lang='grc'><strong>380</strong></span> <span class='ocrx_word' id='word_1_55' title='bbox 1321 1777 1465 1897; x_wconf 53' lang='grc' dir='ltr'><strong>ξξξζξᾚῆ</strong></span> 
     </span>
     <span class='ocr_line' id='line_1_10' title="bbox 260 1895 1403 1983; baseline 0.003 -23"><span class='ocrx_word' id='word_1_56' title='bbox 260 1895 373 1982; x_wconf 83' lang='lat' dir='ltr'><strong>Reges,</strong></span> <span class='ocrx_word' id='word_1_57' title='bbox 397 1895 568 1982; x_wconf 87' lang='lat' dir='ltr'><strong>pontifices</strong></span> <span class='ocrx_word' id='word_1_58' title='bbox 591 1895 832 1982; x_wconf 88' lang='lat' dir='ltr'><strong>interdictoque</strong></span> <span class='ocrx_word' id='word_1_59' title='bbox 855 1897 951 1983; x_wconf 75' lang='lat' dir='ltr'><strong>ligati</strong></span> <span class='ocrx_word' id='word_1_60' title='bbox 1320 1903 1403 1953; x_wconf 73' lang='lat' dir='ltr'><strong>death.</strong></span> 
     </span>
     <span class='ocr_line' id='line_1_11' title="bbox 305 2002 971 2089; baseline 0.005 -22"><span class='ocrx_word' id='word_1_61' title='bbox 305 2004 428 2069; x_wconf 77' lang='lat' dir='ltr'><strong>Parent</strong></span> <span class='ocrx_word' id='word_1_62' title='bbox 450 2003 616 2068; x_wconf 78' lang='lat' dir='ltr'><strong>mandetis</strong></span> <span class='ocrx_word' id='word_1_63' title='bbox 639 2002 797 2089; x_wconf 91' lang='lat' dir='ltr'><strong>principis</strong></span> <span class='ocrx_word' id='word_1_64' title='bbox 820 2004 971 2071; x_wconf 81' lang='lat' dir='ltr'><strong>ecclesius.</strong></span> 
     </span>
     <span class='ocr_line' id='line_1_12' title="bbox 260 2105 1026 2192; baseline 0.004 -21"><span class='ocrx_word' id='word_1_65' title='bbox 260 2107 435 2192; x_wconf 88' lang='lat' dir='ltr'><strong>Improbus</strong></span> <span class='ocrx_word' id='word_1_66' title='bbox 458 2111 591 2171; x_wconf 75' lang='lat' dir='ltr'><strong>exactor</strong></span> <span class='ocrx_word' id='word_1_67' title='bbox 613 2105 823 2191; x_wconf 77' lang='lat' dir='ltr'><strong>compellitur</strong></span> <span class='ocrx_word' id='word_1_68' title='bbox 845 2128 899 2172; x_wconf 92' lang='lat' dir='ltr'><strong>ore</strong></span> <span class='ocrx_word' id='word_1_69' title='bbox 922 2108 1026 2185; x_wconf 88' lang='lat' dir='ltr'><strong>silere,</strong></span> 
     </span>
     <span class='ocr_line' id='line_1_13' title="bbox 304 2207 915 2294; baseline 0.003 -22"><span class='ocrx_word' id='word_1_70' title='bbox 304 2208 350 2273; x_wconf 84' lang='lat' dir='ltr'><strong>Et</strong></span> <span class='ocrx_word' id='word_1_71' title='bbox 371 2208 556 2274; x_wconf 78' lang='lat' dir='ltr'><strong>contentari</strong></span> <span class='ocrx_word' id='word_1_72' title='bbox 580 2207 742 2272; x_wconf 90' lang='lat' dir='ltr'><strong>limitibus</strong></span> <span class='ocrx_word' id='word_1_73' title='bbox 766 2209 915 2294; x_wconf 88' lang='lat' dir='ltr'><strong>propriis.</strong></span> 
     </span>
     <span class='ocr_line' id='line_1_14' title="bbox 261 2309 938 2390; baseline 0.003 -13"><span class='ocrx_word' id='word_1_74' title='bbox 261 2312 316 2377; x_wconf 81' lang='lat' dir='ltr'><strong>Sic</strong></span> <span class='ocrx_word' id='word_1_75' title='bbox 338 2309 540 2386; x_wconf 82' lang='lat' dir='ltr'><strong>confirmatu,</strong></span> <span class='ocrx_word' id='word_1_76' title='bbox 561 2310 609 2376; x_wconf 89' lang='lat' dir='ltr'><strong>sic</strong></span> <span class='ocrx_word' id='word_1_77' title='bbox 631 2309 767 2376; x_wconf 82' lang='lat' dir='ltr'><strong>ecclesia</strong></span> <span class='ocrx_word' id='word_1_78' title='bbox 788 2311 938 2390; x_wconf 79' lang='lat' dir='ltr'><strong>solidata,</strong></span> 
     </span>
     <span class='ocr_line' id='line_1_15' title="bbox 306 2411 937 2498; baseline 0.003 -22"><span class='ocrx_word' id='word_1_79' title='bbox 306 2412 458 2477; x_wconf 83' lang='lat' dir='ltr'><strong>Eximius</strong></span> <span class='ocrx_word' id='word_1_80' title='bbox 481 2411 601 2498; x_wconf 85' lang='lat' dir='ltr'><strong>prsesul</strong></span> <span class='ocrx_word' id='word_1_81' title='bbox 624 2411 697 2476; x_wconf 81' lang='lat' dir='ltr'><strong>fate</strong></span> <span class='ocrx_word' id='word_1_82' title='bbox 718 2411 817 2478; x_wconf 81' lang='lat' dir='ltr'><strong>beate</strong></span> <span class='ocrx_word' id='word_1_83' title='bbox 838 2413 937 2478; x_wconf 82' lang='lat' dir='ltr'><strong>subit.</strong></span> 
     </span>
     <span class='ocr_line' id='line_1_16' title="bbox 261 2513 1075 2601; baseline -0.002 -19"><span class='ocrx_word' id='word_1_84' title='bbox 261 2516 349 2582; x_wconf 79' lang='lat' dir='ltr'><strong>Laus</strong></span> <span class='ocrx_word' id='word_1_85' title='bbox 370 2513 493 2601; x_wconf 88' lang='lat' dir='ltr'><strong>populi,</strong></span> <span class='ocrx_word' id='word_1_86' title='bbox 516 2514 631 2600; x_wconf 90' lang='lat' dir='ltr'><strong>plebis,</strong></span> <span class='ocrx_word' id='word_1_87' title='bbox 654 2515 731 2582; x_wconf 87' lang='lat' dir='ltr'><strong>cleri</strong></span> <span class='ocrx_word' id='word_1_88' title='bbox 755 2515 819 2592; x_wconf 84' lang='lat' dir='ltr'><strong>lex,</strong></span> <span class='ocrx_word' id='word_1_89' title='bbox 842 2515 985 2582; x_wconf 82' lang='lat' dir='ltr'><strong>ecelesiae</strong></span> <span class='ocrx_word' id='word_1_90' title='bbox 1007 2517 1075 2594; x_wconf 86' lang='lat' dir='ltr'><strong>lux,</strong></span> 
     </span>
     <span class='ocr_line' id='line_1_17' title="bbox 305 2617 1087 2704; baseline 0.004 -22"><span class='ocrx_word' id='word_1_91' title='bbox 305 2617 573 2704; x_wconf 80' lang='lat' dir='ltr'><strong>Pauperibusque</strong></span> <span class='ocrx_word' id='word_1_92' title='bbox 596 2623 698 2703; x_wconf 86' lang='lat' dir='ltr'><strong>peter,</strong></span> <span class='ocrx_word' id='word_1_93' title='bbox 721 2639 788 2703; x_wconf 83' lang='lat' dir='ltr'><strong>pax</strong></span> <span class='ocrx_word' id='word_1_94' title='bbox 812 2621 883 2682; x_wconf 83' lang='lat' dir='ltr'><strong>eret</strong></span> <span class='ocrx_word' id='word_1_95' title='bbox 905 2623 939 2684; x_wconf 90' lang='lat' dir='ltr'><strong>et</strong></span> <span class='ocrx_word' id='word_1_96' title='bbox 962 2620 1087 2704; x_wconf 80' lang='lat' dir='ltr'><strong>putriae.</strong></span> 
     </span>
     <span class='ocr_line' id='line_1_18' title="bbox 261 2719 1082 2806; baseline 0.002 -22"><span class='ocrx_word' id='word_1_97' title='bbox 261 2719 391 2806; x_wconf 86' lang='lat' dir='ltr'><strong>Viginti</strong></span> <span class='ocrx_word' id='word_1_98' title='bbox 414 2719 562 2804; x_wconf 86' lang='lat' dir='ltr'><strong>quinque</strong></span> <span class='ocrx_word' id='word_1_99' title='bbox 584 2723 696 2804; x_wconf 85' lang='lat' dir='ltr'><strong>pastor</strong></span> <span class='ocrx_word' id='word_1_100' title='bbox 718 2719 801 2784; x_wconf 91' lang='lat' dir='ltr'><strong>bene</strong></span> <span class='ocrx_word' id='word_1_101' title='bbox 825 2725 956 2785; x_wconf 77' lang='lat' dir='ltr'><strong>rexerat</strong></span> <span class='ocrx_word' id='word_1_102' title='bbox 978 2721 1082 2797; x_wconf 76' lang='lat' dir='ltr'><strong>annis,</strong></span> 
     </span>
     <span class='ocr_line' id='line_1_19' title="bbox 305 2819 1460 2910; baseline 0.005 -26"><span class='ocrx_word' id='word_1_103' title='bbox 305 2821 384 2886; x_wconf 83' lang='lat' dir='ltr'><strong>Post</strong></span> <span class='ocrx_word' id='word_1_104' title='bbox 406 2819 509 2886; x_wconf 85' lang='lat' dir='ltr'><strong>obiit:</strong></span> <span class='ocrx_word' id='word_1_105' title='bbox 533 2819 619 2906; x_wconf 72' lang='lat' dir='ltr'><strong>quiri</strong></span> <span class='ocrx_word' id='word_1_106' title='bbox 642 2819 679 2886; x_wconf 84' lang='lat' dir='ltr'><strong>ob</strong></span> <span class='ocrx_word' id='word_1_107' title='bbox 703 2820 767 2886; x_wconf 73' lang='lat' dir='ltr'><strong>ut?</strong></span> <span class='ocrx_word' id='word_1_108' title='bbox 784 2819 899 2905; x_wconf 81' lang='lat' dir='ltr'><strong>justus</strong></span> <span class='ocrx_word' id='word_1_109' title='bbox 922 2821 1002 2900; x_wconf 80' lang='lat' dir='ltr'><strong>obit,</strong></span> <span class='ocrx_word' id='word_1_110' title='bbox 1028 2845 1086 2890; x_wconf 69' lang='lat' dir='ltr'><strong>um</strong></span> <span class='ocrx_word' id='word_1_111' title='bbox 1109 2823 1183 2903; x_wconf 83' lang='lat' dir='ltr'><strong>obit,</strong></span> <span class='ocrx_word' id='word_1_112' title='bbox 1246 2828 1387 2910; x_wconf 62' lang='lat' dir='ltr'><strong>390Vl²2⁸</strong></span> <span class='ocrx_word' id='word_1_113' title='bbox 1398 2835 1460 2884; x_wconf 78' lang='lat' dir='ltr'><strong>rur-</strong></span> 
     </span>
     <span class='ocr_line' id='line_1_20' title="bbox 266 2907 1478 3008; baseline 0.002 -18"><span class='ocrx_word' id='word_1_114' title='bbox 266 2923 381 2990; x_wconf 80' lang='lat' dir='ltr'><strong>Viuere</strong></span> <span class='ocrx_word' id='word_1_115' title='bbox 404 2945 505 2989; x_wconf 81' lang='lat' dir='ltr'><strong>corne</strong></span> <span class='ocrx_word' id='word_1_116' title='bbox 527 2921 619 2988; x_wconf 78' lang='lat' dir='ltr'><strong>mori</strong></span> <span class='ocrx_word' id='word_1_117' title='bbox 634 2921 763 3008; x_wconf 78' lang='lat' dir='ltr'><strong>fuerat,</strong></span> <span class='ocrx_word' id='word_1_118' title='bbox 788 2923 844 2990; x_wconf 79' lang='lat' dir='ltr'><strong>sed</strong></span> <span class='ocrx_word' id='word_1_119' title='bbox 867 2946 969 2990; x_wconf 71' lang='lat' dir='ltr'><strong>nimio</strong></span> <span class='ocrx_word' id='word_1_120' title='bbox 992 2926 1119 3004; x_wconf 80' lang='lat' dir='ltr'><strong>resolvi,</strong></span> <span class='ocrx_word' id='word_1_121' title='bbox 1323 2907 1478 2966; x_wconf 57' lang='lat' dir='ltr'><strong>sumptos.</strong></span> 
     </span>
     <span class='ocr_line' id='line_1_21' title="bbox 305 3023 1023 3102; baseline 0.004 -12"><span class='ocrx_word' id='word_1_122' title='bbox 305 3027 366 3092; x_wconf 82' lang='lat' dir='ltr'><strong>Est</strong></span> <span class='ocrx_word' id='word_1_123' title='bbox 389 3024 488 3091; x_wconf 86' lang='lat' dir='ltr'><strong>nwclo</strong></span> <span class='ocrx_word' id='word_1_124' title='bbox 510 3046 590 3090; x_wconf 83' lang='lat' dir='ltr'><strong>ocra</strong></span> <span class='ocrx_word' id='word_1_125' title='bbox 611 3023 714 3102; x_wconf 85' lang='lat' dir='ltr'><strong>solus,</strong></span> <span class='ocrx_word' id='word_1_126' title='bbox 737 3024 810 3090; x_wconf 82' lang='lat' dir='ltr'><strong>uita</strong></span> <span class='ocrx_word' id='word_1_127' title='bbox 832 3023 927 3092; x_wconf 79' lang='lat' dir='ltr'><strong>beato</strong></span> <span class='ocrx_word' id='word_1_128' title='bbox 949 3025 1023 3093; x_wconf 78' lang='lat' dir='ltr'><strong>eibi.</strong></span> 
     </span>
    </p>
   </div>
   <div class='ocr_carea' id='block_1_3' title="bbox 307 3277 1267 3366">
    <p class='ocr_par' dir='ltr' id='par_1_3' title="bbox 307 3277 1267 3366">
     <span class='ocr_line' id='line_1_22' title="bbox 307 3277 1267 3366; baseline 0.004 -20"><span class='ocrx_word' id='word_1_129' title='bbox 307 3281 354 3346; x_wconf 84' lang='lat' dir='ltr'><strong>De</strong></span> <span class='ocrx_word' id='word_1_130' title='bbox 375 3277 604 3366; x_wconf 75' lang='lat' dir='ltr'><strong>euffruqoneis</strong></span> <span class='ocrx_word' id='word_1_131' title='bbox 626 3284 656 3344; x_wconf 81' lang='lat' dir='ltr'><strong>et</strong></span> <span class='ocrx_word' id='word_1_132' title='bbox 675 3277 858 3364; x_wconf 80' lang='lat' dir='ltr'><strong>provincio</strong></span> <span class='ocrx_word' id='word_1_133' title='bbox 880 3279 1016 3348; x_wconf 72' lang='lat' dir='ltr'><strong>ecclesio</strong></span> <span class='ocrx_word' id='word_1_134' title='bbox 1039 3281 1267 3350; x_wconf 78' lang='lat' dir='ltr'><strong>Elorucmesis.</strong></span> 
     </span>
    </p>
   </div>
   <div class='ocr_carea' id='block_1_4' title="bbox 245 3433 1470 4544">
    <p class='ocr_par' dir='ltr' id='par_1_4' title="bbox 245 3433 1470 4544">
     <span class='ocr_line' id='line_1_23' title="bbox 307 3433 1449 3520; baseline -0.002 -20"><span class='ocrx_word' id='word_1_135' title='bbox 307 3434 460 3501; x_wconf 83' lang='lat' dir='ltr'><strong>Ecclesiae</strong></span> <span class='ocrx_word' id='word_1_136' title='bbox 483 3433 597 3520; x_wconf 87' lang='lat' dir='ltr'><strong>primis</strong></span> <span class='ocrx_word' id='word_1_137' title='bbox 620 3433 769 3518; x_wconf 82' lang='lat' dir='ltr'><strong>petronis</strong></span> <span class='ocrx_word' id='word_1_138' title='bbox 791 3434 1000 3512; x_wconf 82' lang='lat' dir='ltr'><strong>enumeratis,</strong></span> <span class='ocrx_word' id='word_1_139' title='bbox 1325 3446 1449 3510; x_wconf 65' lang='lat' dir='ltr'><strong>Thepro</strong></span> 
     </span>
     <span class='ocr_line' id='line_1_24' title="bbox 304 3511 1468 3630; baseline 0 -28"><span class='ocrx_word' id='word_1_140' title='bbox 304 3534 603 3622; x_wconf 82' lang='lat' dir='ltr'><strong>Archipraesulibus</strong></span> <span class='ocrx_word' id='word_1_141' title='bbox 626 3533 795 3599; x_wconf 89' lang='lat' dir='ltr'><strong>nonnullis</strong></span> <span class='ocrx_word' id='word_1_142' title='bbox 818 3537 1090 3614; x_wconf 71' lang='lat' dir='ltr'><strong>commemoratio,</strong></span> <span class='ocrx_word' id='word_1_143' title='bbox 1323 3511 1468 3630; x_wconf 55' lang='lat' dir='ltr'><strong>ffiffl</strong></span> 
     </span>
     <span class='ocr_line' id='line_1_25' title="bbox 308 3637 1428 3726; baseline 0.005 -22"><span class='ocrx_word' id='word_1_144' title='bbox 308 3639 507 3704; x_wconf 87' lang='lat' dir='ltr'><strong>Pontificum</strong></span> <span class='ocrx_word' id='word_1_145' title='bbox 530 3659 704 3702; x_wconf 89' lang='lat' dir='ltr'><strong>numerum</strong></span> <span class='ocrx_word' id='word_1_146' title='bbox 727 3637 969 3726; x_wconf 77' lang='lat' dir='ltr'><strong>suffragantum</strong></span> <span class='ocrx_word' id='word_1_147' title='bbox 993 3641 1189 3725; x_wconf 73' lang='lat' dir='ltr'><strong>patriarcha&gt;</strong></span> <span class='ocrx_word' id='word_1_148' title='bbox 1247 3646 1310 3708; x_wconf 81' lang='lat'><strong>395</strong></span> <span class='ocrx_word' id='word_1_149' title='bbox 1324 3661 1388 3710; x_wconf 66' lang='lat' dir='ltr'>8²1¹ss</span> <span class='ocrx_word' id='word_1_150' title='bbox 1399 3647 1428 3696; x_wconf 64' lang='grc' dir='ltr'><strong>οἱ</strong></span> 
     </span>
     <span class='ocr_line' id='line_1_26' title="bbox 353 3713 1441 3826; baseline 0.004 -22"><span class='ocrx_word' id='word_1_151' title='bbox 353 3740 507 3816; x_wconf 82' lang='lat' dir='ltr'><strong>Nomina,</strong></span> <span class='ocrx_word' id='word_1_152' title='bbox 531 3740 642 3824; x_wconf 88' lang='lat' dir='ltr'><strong>sicque</strong></span> <span class='ocrx_word' id='word_1_153' title='bbox 665 3740 736 3804; x_wconf 77' lang='lat' dir='ltr'><strong>loca</strong></span> <span class='ocrx_word' id='word_1_154' title='bbox 759 3742 913 3826; x_wconf 83' lang='lat' dir='ltr'><strong>congruit</strong></span> <span class='ocrx_word' id='word_1_155' title='bbox 935 3742 1128 3826; x_wconf 82' lang='lat' dir='ltr'><strong>exprimere.</strong></span> <span class='ocrx_word' id='word_1_156' title='bbox 1326 3713 1404 3762; x_wconf 58' lang='grc' dir='ltr'><strong>Μ’</strong></span> <span class='ocrx_word' id='word_1_157' title='bbox 1435 3733 1441 3746; x_wconf 73' lang='grc'>’</span> 
     </span>
     <span class='ocr_line' id='line_1_27' title="bbox 308 3843 1157 3932; baseline 0.002 -26"><span class='ocrx_word' id='word_1_158' title='bbox 308 3843 442 3908; x_wconf 87' lang='lat' dir='ltr'><strong>Plenius</strong></span> <span class='ocrx_word' id='word_1_159' title='bbox 466 3847 505 3905; x_wconf 88' lang='lat' dir='ltr'><strong>ut</strong></span> <span class='ocrx_word' id='word_1_160' title='bbox 527 3846 671 3926; x_wconf 79' lang='lat' dir='ltr'><strong>pateant,</strong></span> <span class='ocrx_word' id='word_1_161' title='bbox 695 3847 807 3926; x_wconf 88' lang='lat' dir='ltr'><strong>repeto</strong></span> <span class='ocrx_word' id='word_1_162' title='bbox 830 3843 1010 3928; x_wconf 82' lang='lat' dir='ltr'><strong>primordie</strong></span> <span class='ocrx_word' id='word_1_163' title='bbox 1033 3845 1157 3932; x_wconf 89' lang='lat' dir='ltr'><strong>templi,</strong></span> 
     </span>
     <span class='ocr_line' id='line_1_28' title="bbox 353 3941 1007 4029; baseline 0.002 -22"><span class='ocrx_word' id='word_1_164' title='bbox 353 3943 443 4029; x_wconf 84' lang='lat' dir='ltr'><strong>Apto</strong></span> <span class='ocrx_word' id='word_1_165' title='bbox 466 3941 628 4028; x_wconf 90' lang='lat' dir='ltr'><strong>principio</strong></span> <span class='ocrx_word' id='word_1_166' title='bbox 651 3943 850 4007; x_wconf 87' lang='lat' dir='ltr'><strong>convenient</strong></span> <span class='ocrx_word' id='word_1_167' title='bbox 872 3944 1007 4029; x_wconf 85' lang='lat' dir='ltr'><strong>reliqua.</strong></span> 
     </span>
     <span class='ocr_line' id='line_1_29' title="bbox 311 4043 1171 4134; baseline 0 -21"><span class='ocrx_word' id='word_1_168' title='bbox 311 4043 502 4113; x_wconf 74' lang='lat' dir='ltr'><strong>Ebraueus²</strong></span> <span class='ocrx_word' id='word_1_169' title='bbox 525 4045 632 4130; x_wconf 91' lang='lat' dir='ltr'><strong>primo</strong></span> <span class='ocrx_word' id='word_1_170' title='bbox 656 4045 776 4110; x_wconf 81' lang='lat' dir='ltr'><strong>fundat</strong></span> <span class='ocrx_word' id='word_1_171' title='bbox 798 4047 978 4131; x_wconf 88' lang='lat' dir='ltr'><strong>metropole</strong></span> <span class='ocrx_word' id='word_1_172' title='bbox 1001 4049 1171 4134; x_wconf 83' lang='lat' dir='ltr'><strong>templum,</strong></span> 
     </span>
     <span class='ocr_line' id='line_1_30' title="bbox 353 4147 1313 4233; baseline 0.002 -19"><span class='ocrx_word' id='word_1_173' title='bbox 353 4147 646 4214; x_wconf 83' lang='lat' dir='ltr'><strong>Archiflaruinibus</strong></span> <span class='ocrx_word' id='word_1_174' title='bbox 669 4147 883 4233; x_wconf 89' lang='lat' dir='ltr'><strong>instituitque</strong></span> <span class='ocrx_word' id='word_1_175' title='bbox 907 4147 1023 4215; x_wconf 89' lang='lat' dir='ltr'><strong>locum.</strong></span> <span class='ocrx_word' id='word_1_176' title='bbox 1248 4156 1313 4218; x_wconf 79' lang='lat'><strong>400</strong></span> 
     </span>
     <span class='ocr_line' id='line_1_31' title="bbox 310 4247 1470 4336; baseline -0.006 -20"><span class='ocrx_word' id='word_1_177' title='bbox 310 4251 461 4316; x_wconf 86' lang='lat' dir='ltr'><strong>Albeniae</strong></span> <span class='ocrx_word' id='word_1_178' title='bbox 485 4247 632 4313; x_wconf 84' lang='lat' dir='ltr'><strong>struxit³</strong></span> <span class='ocrx_word' id='word_1_179' title='bbox 656 4249 770 4314; x_wconf 91' lang='lat' dir='ltr'><strong>urbem</strong></span> <span class='ocrx_word' id='word_1_180' title='bbox 794 4273 868 4336; x_wconf 80' lang='lat' dir='ltr'><strong>quse</strong></span> <span class='ocrx_word' id='word_1_181' title='bbox 891 4251 1015 4316; x_wconf 88' lang='lat' dir='ltr'><strong>dieitur</strong></span> <span class='ocrx_word' id='word_1_182' title='bbox 1040 4253 1174 4330; x_wconf 80' lang='lat' dir='ltr'><strong>Aeclud,</strong></span> <span class='ocrx_word' id='word_1_183' title='bbox 1326 4261 1405 4325; x_wconf 75' lang='lat' dir='ltr'><strong>Early</strong></span> <span class='ocrx_word' id='word_1_184' title='bbox 1415 4262 1470 4312; x_wconf 76' lang='lat' dir='ltr'><strong>hir·</strong></span> 
     </span>
     <span class='ocr_line' id='line_1_32' title="bbox 353 4336 1464 4460; baseline 0.002 -42"><span class='ocrx_word' id='word_1_185' title='bbox 353 4355 465 4439; x_wconf 87' lang='lat' dir='ltr'><strong>Atque</strong></span> <span class='ocrx_word' id='word_1_186' title='bbox 489 4351 672 4438; x_wconf 82' lang='lat' dir='ltr'><strong>puellarum</strong></span> <span class='ocrx_word' id='word_1_187' title='bbox 696 4352 742 4417; x_wconf 85' lang='lat' dir='ltr'><strong>sic</strong></span> <span class='ocrx_word' id='word_1_188' title='bbox 765 4353 852 4418; x_wconf 85' lang='lat' dir='ltr'><strong>locet</strong></span> <span class='ocrx_word' id='word_1_189' title='bbox 874 4375 946 4418; x_wconf 83' lang='lat' dir='ltr'><strong>erce</strong></span> <span class='ocrx_word' id='word_1_190' title='bbox 970 4354 1095 4421; x_wconf 89' lang='lat' dir='ltr'><strong>locum:</strong></span> <span class='ocrx_word' id='word_1_191' title='bbox 1325 4336 1464 4460; x_wconf 58' lang='lat' dir='ltr'><strong>ffiffi&#39;</strong></span> 
     </span>
     <span class='ocr_line' id='line_1_33' title="bbox 245 4453 1275 4544; baseline 0 -22"><span class='ocrx_word' id='word_1_192' title='bbox 245 4459 256 4476; x_wconf 86' lang='lat'><strong><em>‘</em></strong></span> <span class='ocrx_word' id='word_1_193' title='bbox 312 4455 434 4522; x_wconf 85' lang='lat' dir='ltr'><strong>Acclud</strong></span> <span class='ocrx_word' id='word_1_194' title='bbox 457 4453 710 4518; x_wconf 72' lang='lat' dir='ltr'><strong>Dumbrecans&#39;*</strong></span> <span class='ocrx_word' id='word_1_195' title='bbox 732 4459 876 4519; x_wconf 83' lang='lat' dir='ltr'><strong>castrum</strong></span> <span class='ocrx_word' id='word_1_196' title='bbox 900 4477 989 4522; x_wconf 88' lang='lat' dir='ltr'><strong>nunc</strong></span> <span class='ocrx_word' id='word_1_197' title='bbox 1012 4457 1142 4544; x_wconf 86' lang='lat' dir='ltr'><strong>Burgus</strong></span> <span class='ocrx_word' id='word_1_198' title='bbox 1166 4457 1275 4536; x_wconf 87' lang='lat' dir='ltr'><strong>Edini,</strong></span> 
     </span>
    </p>
   </div>
   <div class='ocr_carea' id='block_1_5' title="bbox 298 4555 1315 4908">
    <p class='ocr_par' dir='ltr' id='par_1_5' title="bbox 298 4555 1315 4908">
     <span class='ocr_line' id='line_1_34' title="bbox 355 4555 1079 4644; baseline 0.001 -21"><span class='ocrx_word' id='word_1_199' title='bbox 355 4557 500 4624; x_wconf 81' lang='lat' dir='ltr'><strong>Nomine</strong></span> <span class='ocrx_word' id='word_1_200' title='bbox 522 4577 611 4621; x_wconf 89' lang='lat' dir='ltr'><strong>nunc</strong></span> <span class='ocrx_word' id='word_1_201' title='bbox 633 4555 705 4633; x_wconf 83' lang='lat' dir='ltr'><strong>alio,</strong></span> <span class='ocrx_word' id='word_1_202' title='bbox 730 4557 777 4622; x_wconf 89' lang='lat' dir='ltr'><strong>sic</strong></span> <span class='ocrx_word' id='word_1_203' title='bbox 799 4557 929 4623; x_wconf 79' lang='lat' dir='ltr'><strong>variata</strong></span> <span class='ocrx_word' id='word_1_204' title='bbox 950 4565 1079 4644; x_wconf 86' lang='lat' dir='ltr'><strong>gerunt.</strong></span> 
     </span>
     <span class='ocr_line' id='line_1_35' title="bbox 299 4755 1196 4826; baseline 0.018 -30"><span class='ocrx_word' id='word_1_205' title='bbox 299 4761 307 4796; x_wconf 83' lang='grc' dir='ltr'><strong>ι</strong></span> <span class='ocrx_word' id='word_1_206' title='bbox 327 4757 504 4826; x_wconf 61' lang='lat' dir='ltr'><strong>Prmptus]</strong></span> <span class='ocrx_word' id='word_1_207' title='bbox 526 4755 675 4821; x_wconf 72' lang='lat' dir='ltr'><strong>rraedietus,</strong></span> <span class='ocrx_word' id='word_1_208' title='bbox 685 4759 716 4810; x_wconf 94' lang='lat' dir='ltr'><strong>B.</strong></span> <span class='ocrx_word' id='word_1_209' title='bbox 846 4759 857 4792; x_wconf 81' lang='lat'><strong>³</strong></span> <span class='ocrx_word' id='word_1_210' title='bbox 875 4759 983 4825; x_wconf 74' lang='lat' dir='ltr'><strong>struxit]</strong></span> <span class='ocrx_word' id='word_1_211' title='bbox 1003 4761 1153 4824; x_wconf 80' lang='lat' dir='ltr'><strong>construxit,</strong></span> <span class='ocrx_word' id='word_1_212' title='bbox 1164 4764 1196 4812; x_wconf 91' lang='lat' dir='ltr'><strong>B.</strong></span> 
     </span>
     <span class='ocr_line' id='line_1_36' title="bbox 298 4835 1315 4908; baseline 0.018 -33"><span class='ocrx_word' id='word_1_213' title='bbox 298 4841 309 4875; x_wconf 79' lang='lat' dir='ltr'><strong>r</strong></span> <span class='ocrx_word' id='word_1_214' title='bbox 328 4837 483 4904; x_wconf 63' lang='lat' dir='ltr'><strong>fimum]</strong></span> <span class='ocrx_word' id='word_1_215' title='bbox 503 4838 656 4900; x_wconf 65' lang='lat' dir='ltr'><strong>Ebmncttm</strong></span> <span class='ocrx_word' id='word_1_216' title='bbox 669 4837 700 4890; x_wconf 83' lang='lat' dir='ltr'><strong>C.</strong></span> <span class='ocrx_word' id='word_1_217' title='bbox 846 4837 856 4869; x_wconf 81' lang='lat'><strong>⁴</strong></span> <span class='ocrx_word' id='word_1_218' title='bbox 876 4835 1065 4908; x_wconf 75' lang='lat' dir='ltr'><strong>Dumbrecuna]</strong></span> <span class='ocrx_word' id='word_1_219' title='bbox 1087 4841 1276 4904; x_wconf 70' lang='lat' dir='ltr'><strong>Dunbrcthnns,</strong></span> <span class='ocrx_word' id='word_1_220' title='bbox 1283 4843 1315 4894; x_wconf 74' lang='grc' dir='ltr'><strong>Β.</strong></span> 
     </span>
    </p>
   </div>
   <div class='ocr_carea' id='block_1_6' title="bbox 0 0 1733 5816">
    <p class='ocr_par' dir='ltr' id='par_1_6' title="bbox 0 0 1733 5816">
     <span class='ocr_line' id='line_1_37' title="bbox 0 0 1733 5816; baseline 0 0"><span class='ocrx_word' id='word_1_221' title='bbox 0 0 1733 5816; x_wconf 95' lang='lat' dir='ltr'><strong> </strong></span> 
     </span>
    </p>
   </div>
  </div>
 </body>
</html>
