3606 5798
553 855 557 864 ’
675 883 838 936 sucroun
860 886 1040 939 enorme.
1310 878 1375 943 263

363 1067 552 1135 Sollicitum
574 1067 686 1135 reddit
708 1067 926 1148 Thurstinum
945 1071 1052 1157 jussio
1075 1074 1171 1160 regis,

407 1170 452 1236 Et
473 1171 553 1256 quie
574 1191 650 1237 eum
673 1171 765 1258 regni
788 1171 937 1258 principe
959 1193 1059 1241 cause
1079 1175 1200 1262 gravis,

364 1271 420 1340 Sic
442 1273 497 1338 vel
519 1292 588 1338 non
609 1293 742 1340 censum
764 1273 841 1338 finit
863 1275 930 1340 duo
952 1277 1091 1342 verbula
1113 1278 1235 1362 dure,(
1260 1277 1298 1364 ⁸)
1327 1279 1369 1351 75

407 1373 462 1441 Sic
483 1394 552 1470 nep
573 1373 623 1440 nil
646 1373 792 1440 medium
814 1395 891 1442 cum
914 1377 959 1441 sit
981 1383 1161 1466 utrumque
1182 1401 1294 1468 greve.

361 1479 449 1548 Voce
471 1479 637 1568 negative,
651 1481 806 1548 constans
828 1484 864 1548 ct
886 1480 1004 1548 laedere
1026 1505 1145 1572 regem,

405 1581 650 1648 Affirmetivem
673 1579 814 1650 dedecus
836 1603 906 1650 esse
928 1583 1042 1669 liquet.

360 1683 512 1752 Dedecus
534 1690 585 1750 est
607 1683 721 1762 subici,
743 1685 929 1772 durumque
951 1685 1102 1753 resistere
1124 1687 1203 1776 regi,
1381 1697 1505 1752 fluuiu-

404 1786 501 1868 Quod
523 1787 628 1852 metui
651 1787 750 1852 debet
772 1786 872 1864 istud,
896 1792 931 1852 et
952 1788 1037 1852 illud
1058 1787 1168 1856 hebet.
1324 1795 1368 1856 80
1381 1767 1537 1885 fflffimd

360 1889 426 1956 Sed
449 1889 542 1978 pugil
564 1889 707 1958 eeclesiae
728 1910 788 1978 pro
810 1889 964 1956 libertate
986 1893 1121 1974 tuende,
1275 1905 1277 1910 ’

404 1991 468 2058 Pro
490 1992 596 2059 nihilo
617 1995 753 2078 reputet
774 2013 891 2077 aspere
913 2013 1051 2079 quaeque
1075 1995 1153 2080 peti.

360 2092 426 2159 Sed
449 2094 543 2160 daret
565 2094 722 2160 offensem
744 2093 856 2179 potius
879 2114 979 2178 quem
1002 2093 1158 2161 subderet
1180 2099 1251 2178 ulli,

327 2279 330 2290 Ι
405 2195 512 2278 Quem
534 2197 639 2283 pudet
660 2196 825 2282 enclytice
846 2196 1035 2263 conditione
1057 2195 1170 2285 premi.

358 2299 425 2366 Sed
447 2320 506 2388 per
528 2299 711 2376 concilium,
735 2298 814 2385 quie.
836 2319 907 2364 mos
929 2319 1008 2364 suus
1031 2305 1082 2366 est
1104 2302 1240 2388 operari,
1324 2308 1366 2368 85

402 2399 457 2466 Ad
479 2423 514 2466 se
536 2401 709 2468 eenonicos
726 2391 891 2466 ‘convocet
912 2400 982 2486 ipse
1005 2421 1089 2468 suos.

356 2503 405 2568 Hi
427 2503 569 2570 veniunt
591 2507 625 2569 et
647 2502 859 2580 conveniunt,
882 2523 964 2588 quos
987 2502 1143 2569 convenit
1164 2503 1244 2591 ipse,
1380 2525 1495 2577 Asviaee

404 2605 501 2688 Quod
522 2606 597 2693 plus
609 2601 806 2682 conveniet,
828 2608 869 2668 ut
890 2605 1029 2670 videant
1051 2610 1086 2672 et
1107 2613 1218 2694 egent.
1378 2593 1468 2708 {332⁶

357 2707 457 2776 Porro
478 2709 535 2796 pic
557 2708 646 2795 petri
668 2707 792 2794 periter
814 2727 928 2794 perere
950 2707 1069 2794 pnreti,
1377 2675 1493 2803 cuipter,

407 2810 530 2880 Ouneti
553 2809 729 2878 concilium
752 2809 956 2876 conveniunt
978 2807 1016 2873 in
1037 2809 1133 2876 idem.
1322 2790 1508 2910 90¹²h⁰¹⁰⁸ff¹⁸

358 2913 572 3000 Respondent
594 2934 629 2979 se
651 2911 750 2978 melle
771 2911 856 2976 mori
878 2931 978 2996 quem
1000 2911 1216 2998 subpediteri,
1378 2863 1463 2909 Μ
1480 2875 1516 2912 “⁹

403 3017 448 3084 Et
469 3012 738 3084 Durobernensi¹
761 3014 823 3081 sub
846 3014 972 3080 ditione
995 3016 1121 3101 premi:

356 3119 552 3206 Scriptaque
575 3119 726 3205 Gregorii
747 3138 846 3204 super
867 3117 940 3183 haec
962 3117 1093 3183 decreta
1115 3117 1211 3186 Beati

400 3223 527 3290 Dicunt
548 3243 583 3286 se
605 3220 698 3286 nullo
719 3218 935 3306 praevaricare
957 3219 1064 3286 mode.

356 3325 491 3391 Talibus
513 3319 861 3390 cuditisrThurstinus
884 3319 1036 3385 redditur
1057 3319 1177 3398 auden,
1321 3325 1362 3387 95

398 3429 445 3492 Et
466 3429 675 3514 pugnaturus
697 3423 831 3488 fortiter
852 3441 945 3488 erma
966 3422 1064 3508 cepit.

355 3531 465 3598 Caesis
487 3551 570 3617 spes,
592 3526 694 3593 lorice
714 3523 805 3603 fides,
828 3523 961 3590 dilectio
983 3528 1124 3601 scutum,

398 3633 469 3698 Len
492 3631 537 3696 sit
559 3631 590 3696 ei
611 3627 751 3716 gladius,
774 3626 888 3692 lancee
910 3645 1016 3690 sermo
1037 3624 1125 3690 Dei:

354 3733 450 3800 Fisus
472 3734 509 3799 in
530 3731 584 3797 his
605 3731 706 3796 ermis
728 3749 881 3814 campum
903 3725 1092 3794 certaminis
1115 3725 1228 3804 intrat,

399 3835 444 3902 Et
465 3854 575 3902 eoram
597 3853 674 3920 rege
695 3829 778 3896 telis
799 3829 901 3894 verbe
923 3824 1028 3894 fecit:
1295 3829 1360 3892 100

354 3947 372 3976 “
394 3939 476 4015 Rex,
499 3936 557 4022 qui
579 3939 676 4001 iente
697 3931 784 4018 regis
807 3930 880 4000 caeli
903 3931 944 3995 de
966 3947 1103 3993 munere
1127 3926 1237 4016 Regis,
1371 3939 1516 3993 murinus

397 4049 414 4076 “
437 4038 579 4105 Justitie
600 4035 731 4122 regeris,
753 4032 808 4099 vel
829 4031 915 4098 mele
937 4051 1041 4117 regna
1063 4029 1171 4117 Regis.
1372 4009 1514 4142 ffiffi?

353 4152 369 4180 ‘⁴
393 4143 478 4211 Oum
501 4141 628 4208 ratione
649 4157 756 4225 reges,
774 4140 814 4200 ut
829 4134 877 4201 -de
899 4134 1027 4200 ratione
1049 4131 1181 4219 regeris,

397 4253 416 4284 “
439 4246 492 4312 Ne
514 4249 549 4311 te
571 4243 646 4310 Rex
667 4260 784 4327 regum
806 4241 939 4304 censeat
962 4256 1031 4300 esse
1054 4255 1156 4300 reum.

243 4371 247 4379 ·
353 4349 426 4414 “A
448 4367 526 4435 rego
547 4367 609 4413 rex
631 4343 750 4420 dictus,
772 4339 934 4407 discretus
956 4359 1016 4403 rex
1038 4337 1088 4403 ite
1109 4355 1233 4424 regnes,
1294 4313 1359 4400 10'5

398 4459 415 4488 ‘⁴
438 4451 490 4517 Ut
511 4453 571 4515 tus
588 4444 724 4534 justitie
745 4442 868 4528 remige
889 4461 993 4528 regne
1015 4459 1117 4526 regas.

526 4745 535 4780 ¹
552 4741 758 4810 Durctcruersi]
778 4741 810 4792 de
820 4738 992 4798 Robnrnensi,
1005 4737 1063 4790 MS.
