3410 5840
449 872 513 934 514
872 884 1059 934 arrasum.

446 1084 580 1153 promisit
619 1101 649 1136 se
687 1073 907 1136 abrenuntiatis
945 1080 1031 1135 idolis
1086 1079 1202 1134 Christo
1249 1080 1442 1143 serviturum,
1480 1077 1504 1132 si

446 1174 537 1226 vitam
560 1178 590 1226 et
613 1173 764 1226 victoriam
787 1171 842 1224 sibi
866 1169 986 1224 donaret
1009 1170 1153 1241 pugnanti
1180 1169 1331 1225 adversum
1358 1186 1472 1238 regem,
1487 1187 1504 1221 a

365 1277 367 1280 ·
446 1279 502 1332 qno
526 1261 670 1316 homicida
693 1262 742 1314 ille
766 1250 925 1334 praefatus
948 1250 1164 1326 mittebatur;
1186 1267 1216 1313 et
1238 1259 1327 1312 filiam
1354 1277 1451 1320 suam,
1474 1259 1504 1310 in

447 1353 553 1421 pigmus
576 1343 735 1427 promissi,
760 1350 888 1404 Paulino
919 1350 1053 1419 episcopo
1081 1348 1304 1402 consecrandam
1328 1349 1503 1417 assignavit.

448 1431 544 1510 Quod
590 1432 637 1496 ita
676 1431 824 1514 contigit.
886 1438 1039 1509 Baptizata.
1076 1445 1121 1492 est
1159 1430 1263 1513 igitur
1307 1429 1368 1492 ilia
1409 1437 1503 1507 prima

447 1530 482 1584 de
514 1537 599 1598 gente
633 1529 982 1604 Nortb[anh)rnbrorum]
1006 1545 1071 1582 cum
1105 1518 1256 1582 undecim
1289 1529 1355 1581 aliis
1390 1527 1428 1580 de
1463 1528 1502 1579 fa-

278 1611 409 1676 Theuap-
447 1622 528 1673 milia
551 1612 644 1694 regis,
692 1620 799 1673 Habito
822 1610 936 1693 itaque
967 1617 1087 1671 oonsilio
1121 1629 1196 1671 cnm
1228 1609 1447 1692 pontificibus
1471 1614 1503 1670 et
1515 1616 1571 1666 Hs.
1581 1619 1626 1666 itu

277 1682 432 1796 ‘Ffflsand
446 1714 642 1798 primatibus
681 1713 759 1788 suis,
799 1734 863 1775 uuo
909 1711 1070 1775 consensu
1109 1712 1256 1773 omnium
1295 1722 1414 1791 accepit-
1453 1739 1502 1774 rex

276 1811 422 1876 hispeople.
445 1813 591 1876 Edwinus¹
609 1831 674 1865 cum
698 1813 809 1865 cunctis
832 1811 928 1879 gentis
951 1828 1010 1864 sum
1034 1809 1179 1864 nobilibus
1201 1815 1231 1863 et
1254 1811 1338 1880 plebe
1362 1812 1501 1881 plurima,
1516 1809 1613 1859 rusa.

444 1901 530 1956 fidem
561 1909 590 1955 ct
621 1903 768 1956 lavacrum
793 1901 1019 1970 regenerationis
1043 1891 1079 1952 in
1110 1890 1248 1955 civitate
1281 1899 1419 1964 Eboraci,
1445 1890 1500 1954 ubi

443 1994 553 2058 sedern
578 1993 883 2079 archiepiscopatus,
900 1997 1051 2076 suscepto
1075 1989 1176 2078 pallio
1192 2013 1217 2054 a·
1236 2013 1322 2077 papa
1337 1992 1499 2066 Honorio,

444 2095 603 2160 Paulinus
625 2097 760 2180 accepit.
805 2095 999 2179 Baptizatus
1022 2099 1073 2157 est
1096 2093 1209 2177 itaque
1234 2093 1396 2157 siwinus
1421 2120 1497 2156 anno

443 2196 526 2262 regni
550 2197 593 2248 sui
619 2195 667 2258 xi,
685 2197 735 2264 qui
758 2200 802 2247 est
825 2211 918 2247 annus
939 2192 1101 2246 Dominicae
1125 2193 1334 2246 incarnationis
1358 2207 1495 2248 1101111111.

444 2284 582 2337 Paulinus
613 2291 709 2338 antem
733 2285 771 2338 vi.
796 2284 880 2338 annis
914 2282 1061 2336 continuis
1093 2299 1127 2335 ex
1162 2299 1196 2335 eo
1231 2289 1371 2352 tempore,
1399 2282 1495 2335 idest

443 2391 531 2444 usque
555 2373 591 2428 ad
616 2373 701 2426 [incur
724 2375 807 2441 regni
832 2362 973 2436 Edwini,
990 2373 1018 2424 iu
1047 2389 1082 2424 ea
1106 2371 1281 2448 [provincia]
1305 2371 1493 2443 praedicabat.

274 2445 401 2560 {itm
442 2455 490 2518 At
512 2476 586 2538 rege
610 2454 793 2528 interfecte,
816 2462 965 2535 rebusque
988 2460 1241 2514 Nora-himbrorum
1266 2461 1402 2524 turba-tis,
1421 2462 1492 2515 Can·
1506 2461 1623 2512 Hatra.

297 2513 404 2562 anhnus'
441 2555 512 2606 tiam
537 2552 655 2622 narigio
678 2552 773 2618 rediit,
797 2559 882 2620 atquc
913 2549 949 2603 ab
981 2550 1111 2604 Honorio
1134 2550 1348 2620 archiepiscopo
1370 2557 1403 2604 et
1427 2569 1492 2618 rege

442 2643 613 2696 Ethclbaldo
638 2642 793 2696 honorifice
824 2643 984 2710 susceptus,
1009 2652 1187 2713 eorumque
1213 2641 1386 2694 invitatione
1411 2653 1492 2716 plte-

440 2735 583 2798 sulatum
608 2733 758 2796 Rofensis
781 2731 931 2805 ecclesia,
949 2737 1078 2794 mortuo
1101 2731 1258 2806 Romano,
1274 2743 1410 2812 suscepit.
1458 2741 1492 2794 Iu

440 2851 496 2903 (lna
527 2832 652 2886 moriens
683 2833 815 2901 pallium,
840 2829 916 2900 quod
946 2830 983 2884 ab
1018 2831 1148 2883 Honorio
1181 2848 1256 2900 papa
1291 2829 1489 2907 susceperat,

439 2923 565 2992 reliquit.

271 3007 344 3056 (ts-ric
484 3013 642 3066 interiecto
668 3012 698 3064 in
733 3027 831 3080 pugna
865 3008 996 3070 Edwino,
1032 3007 1158 3078 suscepit
1196 3027 1248 3079 pro
1281 3011 1332 3063 illo
1366 3029 1489 3080 reguum
1503 3006 1614 3059 stati

270 3076 391 3187 ἓιέξῖξὼ
438 3102 591 3154 Deirorum
622 3100 714 3162 Osrir,
748 3099 824 3151 filius
859 3097 954 3168 patrui
988 3089 1039 3150 sui
1063 3096 1179 3162 Alfrici,
1203 3099 1253 3168 qui
1288 3091 1489 3174 praedicante

361 3178 366 3189 ⁸
437 3190 559 3242 Paulino
582 3189 650 3242 fidei
681 3189 867 3241 sacramentis
891 3187 1018 3239 imbutus
1041 3193 1111 3240 crat.
1159 3188 1294 3256 Regnum
1318 3201 1396 3243 vero
1423 3191 1487 3243 Ber·

435 3280 577 3332 niciornm
594 3269 723 3348 suscepit
747 3276 907 3330 Eanl'ridus
925 3275 1000 3328 iilius
1017 3276 1184 3340 Etvhelfridt
1201 3278 1251 3346 qni
1274 3276 1351 3331 ante
1375 3270 1487 3333 EdWi-

436 3393 516 3434 num
555 3377 759 3456 regnaverat,
796 3370 853 3433 scd
891 3374 1051 3452 regnante
1090 3377 1165 3454 post
1202 3391 1278 3433 eum
1319 3371 1487 3446 Eadwino,

437 3473 573 3538 Eanfrid
598 3483 675 3552 apud
701 3482 818 3534 scottos
849 3477 883 3535 et
906 3475 1003 3534 Pictos
1038 3470 1183 3547 exulans
1209 3473 1394 3558 baptizatus
1432 3481 1485 3540 est.

437 3577 566 3656 Quibus
604 3581 679 3660 post
718 3573 895 3638 Edwinurn
935 3574 1160 3657 regnantibus
1192 3593 1372 3640 sacramenta
1402 3587 1486 3657 regni

435 3677 558 3730 caelestis
593 3673 875 3736 anathematizando,
908 3691 942 3726 ac
973 3689 1002 3728 sc
1034 3663 1141 3743 priscis
1177 3673 1320 3728 idolatriae
1354 3677 1484 3730 sordibus

435 3768 628 3855 polluendcs
659 3765 864 3830 restituendo
895 3765 1120 3849 prodiderunt.
1168 3763 1258 3842 Quos
1288 3789 1354 3830 non
1378 3770 1483 3833 multo
1513 3803 1519 3808 ·

436 3865 519 3942 post,
542 3869 632 3938 impia
654 3883 752 3929 mann,
777 3863 826 3917 sod
845 3863 929 3932 justa
956 3865 1068 3918 ultione
1098 3865 1221 3934 peremit
1243 3883 1293 3920 rex
1317 3866 1480 3932 Britonum,

436 3957 589 4011 Cedwalla.
635 3953 719 4008 Unde
743 3954 854 4007 cunctis
877 3953 988 4023 placuit
1010 3962 1141 4023 tempora
1163 3971 1266 4024 regum
1289 3959 1481 4026 computasti·

435 4047 497 4111 bus,
521 4051 554 4099 ut
576 4045 672 4098 ablata
695 4043 730 4096 de
753 4043 849 4097 medio
880 4041 1062 4112 perfidorum
1094 4061 1195 4112 regum
1230 4046 1380 4109 memoria,
1404 4047 1483 4102 idem

432 4153 525 4189 annus
548 4153 638 4204 regno
661 4134 856 4202 assignaretur
880 4130 1015 4186 Oswaldi.
1063 4121 1138 4201 Qui,
1162 4123 1283 4208 adepta
1314 4126 1348 4187 in
1372 4147 1483 4211 pugna

432 4227 472 4291 de
489 4227 658 4292 Oedwalla
683 4225 828 4299 victoria,
852 4223 1006 4308 regnavit
1029 4245 1127 4308 super
1151 4223 1287 4289 Deiram
1310 4233 1344 4290 et
1368 4227 1483 4292 Berni-

430 4331 514 4393 ciam
538 4336 652 4394 totam.
697 4327 869 4411 Regnante
894 4326 1006 4412 itaque
1029 4325 1192 4400 oswaldo,
1223 4341 1315 4390 totam
1339 4339 1385 4392 cui
1409 4357 1481 4410 pra-
1495 4339 1598 4398 lautia
1656 4311 1657 4370 i

429 4428 486 4481 fuit
512 4434 629 4497 gentem
653 4426 818 4480 desiderans
843 4415 911 4478 fidei
937 4425 1031 4493 gratia
1058 4425 1159 4488 imbui,
1176 4426 1257 4479 misit
1287 4427 1323 4480 ud
1359 4428 1482 4498 majores

429 4521 500 4570 nat-u
540 4518 714 4579 Scottorum,
750 4505 838 4590 apud
878 4531 948 4582 quos
988 4504 1066 4567 dum
1105 4505 1256 4569 exularet
1293 4505 1482 4592 baptizatus

429 4609 537 4672 fuerat
561 4614 707 4692 tempore
730 4606 843 4669 fratris
867 4605 918 4668 sui
936 4605 993 4688 qni
1015 4611 1093 4669 ante
1110 4627 1184 4669 cum
1200 4609 1363 4691 regnavit,
1380 4626 1482 4690 petam

429 4725 462 4773 ut
485 4719 539 4772 sibi
563 4719 723 4788 episcopus,
747 4729 767 4770 a
790 4727 855 4790 quo
878 4728 957 4790 gens
981 4707 1052 4790 ejus
1075 4706 1152 4769 fidei
1183 4711 1396 4773 sacramentis
1418 4712 1481 4775 im-

428 4813 510 4876 buta
527 4810 757 4896 baptizaretur,
773 4818 955 4881 mitteretur;
984 4807 1094 4893 sicque
1110 4829 1270 4874 consensu
1287 4815 1321 4873 et
1343 4811 1480 4884 consilio
