3538 5800
236 1183 285 1232 His
294 1189 392 1234 eustom

237 1265 312 1315 every
319 1251 391 1298 Lent.

408 883 450 945 36
730 894 813 944 vna
836 893 958 942 sanem
981 891 1138 940 oswasnr

405 1080 494 1163 quod
517 1079 582 1144 alio
605 1083 750 1164 tempore
774 1084 951 1154 exercetur,
976 1076 1177 1163 diligentiori
1199 1074 1310 1139 studio
1342 1073 1465 1158 invigi-

405 1183 500 1248 latur.
548 1183 590 1246 In
623 1179 708 1245 usu1
730 1181 875 1245 habebat
906 1181 994 1246 idem
1018 1180 1157 1244 antistes
1176 1177 1314 1263 singulis
1338 1177 1463 1251 diebus,

405 1290 525 1370 praeter
547 1283 629 1348 alios
652 1305 733 1368 quos
756 1283 904 1368 quotidie
927 1283 1116 1346 innumeros
1149 1279 1268 1356 alebat,
1292 1277 1464 1343 duodecim

405 1409 587 1473 pauperum
621 1387 720 1472 pedes
752 1385 893 1460 abluere,
917 1383 1134 1449 deosculando
1164 1383 1253 1447 crine
1276 1403 1314 1446 ac
1336 1380 1464 1444 lintheo

405 1497 539 1576 tergere,
563 1489 715 1552 manibus
750 1510 870 1572 aquam
903 1487 1048 1561 fundere,
1072 1485 1223 1550 denarios
1254 1483 1407 1569 praeberc,
1430 1488 1463 1545 st

405 1591 485 1676 ipsis
500 1590 652 1676 apposita
666 1610 781 1653 mensa
799 1588 908 1654 cibum
933 1593 967 1652 et
988 1591 1104 1674 potum
1128 1585 1326 1650 sufficienter
1348 1583 1464 1647 minis-

406 1700 502 1772 trare,
537 1714 654 1778 eosque
686 1693 722 1754 in
757 1689 882 1756 Pascha
915 1689 1064 1754 vestibus
1102 1689 1198 1754 novis
1236 1689 1371 1752 indutos
1405 1709 1464 1772 per

406 1795 533 1880 aliquot
567 1794 636 1857 dies
670 1792 774 1878 ipsius
805 1792 999 1856 festivitatis
1032 1791 1067 1853 in
1090 1791 1181 1855 curia
1203 1811 1263 1854 sua
1285 1789 1462 1853 honorifice

406 1919 515 1962 secum
554 1896 682 1960 habere.
743 1893 847 1959 Nulla
884 1915 959 1958 eum
997 1892 1172 1956 infirmitas
1207 1891 1382 1976 corporalis
1420 1891 1464 1954 ab

406 1999 479 2062 istis
513 1997 712 2072 retardabat,
746 1996 804 2059 sed
836 2017 901 2080 quo
936 2017 969 2060 se
1008 2015 1140 2079 corpore
1172 1993 1337 2057 sentiebat
1371 1992 1462 2056 debi-

406 2100 529 2175 liorem,
553 2119 591 2163 eo
623 2098 686 2162 sibi
719 2097 762 2162 ad
796 2097 1005 2162 serviendum
1039 2096 1086 2160 eis
1120 2095 1258 2180 ingessit
1288 2095 1358 2158 vim
1381 2093 1465 2158 vali-

406 2201 538 2264 dionem.

451 2313 502 2376 34.
527 2311 571 2374 Et
607 2310 677 2394 jam
716 2310 778 2374 Dei
826 2331 964 2395 regnum
1010 2309 1183 2375 ascendero
1221 2308 1369 2393 cupidus,
1408 2307 1461 2372 die

406 2413 547 2496 quodam
579 2411 765 2489 oratorium,
790 2433 855 2494 quo
887 2411 1041 2476 continue
1065 2411 1100 2473 in
1124 2410 1188 2474 Dei
1211 2410 1347 2474 servitio
1370 2415 1461 2474 tene-

404 2514 510 2590 batur,
528 2536 603 2578 cum
619 2505 898 2598 suis'egreditur3
921 2518 956 2575 et
978 2512 1040 2575 sub
1063 2534 1137 2576 aare
1162 2518 1253 2575 stans
1276 2512 1361 2576 acies
1384 2532 1461 2575 ocu·

404 2616 508 2680 lorum
534 2616 612 2680 caelo
635 2615 856 2679 intentissime
879 2614 964 2690 fixit,
981 2613 1152 2678 Christum
1175 2613 1217 2677 ad
1238 2613 1343 2692 Quem
1360 2613 1460 2678 anhe-

404 2718 496 2782 labat
527 2718 582 2803 pio
615 2717 711 2783 corde
745 2722 779 2781 et
812 2739 867 2782 ore
901 2717 1064 2780 intentius
1099 2738 1202 2780 orans.
1250 2715 1320 2782 Neo
1353 2720 1462 2781 ereata

404 2819 537 2897 lumina,
562 2826 601 2884 ut
634 2820 682 2896 fit,
706 2820 771 2884 cito
795 2819 949 2898 deflexit3
971 2819 1028 2884 sed
1052 2820 1146 2904 quasi
1172 2819 1298 2904 aliquid
1321 2819 1401 2883 novi
1423 2841 1461 2883 ac

405 2921 595 2985 delectabile
627 2920 911 3005 contemplaretur,
935 2920 993 2984 ubi
1016 2942 1056 2985 ea
1083 2921 1252 2998 defixerat,
1275 2920 1460 2984 diutissime

403 3022 472 3087 fixa
509 3021 650 3086 tenebat.
711 3021 810 3086 Unde
848 3028 1025 3108 praesentes
1071 3023 1250 3087 admodum
1295 3023 1461 3100 admirati,

404 3123 485 3208 quid
518 3129 613 3188 tanto
645 3145 741 3209 opere
776 3125 969 3203 intueretur,
1008 3125 1166 3189 sciscitati
1200 3131 1284 3190 sunt.
1333 3124 1462 3204 Quibus

237 3227 473 3311 Announcesipse
497 3227 562 3290 ait:
586 3234 602 3260 “
620 3225 798 3292 Considero
821 3247 886 3311 quo
909 3226 1017 3291 tendo.
1065 3226 1281 3312 Quapropter,
1305 3227 1374 3304 filii,
1390 3249 1461 3291 sus-

236 3295 275 3345 his
287 3298 364 3346 death

235 3372 261 3410 ῑο
273 3363 314 3412 the

236 3429 362 3478 brethren.

235 4153 276 4202 He
287 4154 346 4203 aslis

234 4220 273 4298 for
284 4221 328 4297 ‘l‘

234 4295 363 4336 viaticum.

404 3337 420 3361 “
445 3329 557 3404 tinete‚
581 3349 699 3412 quaes0‚
723 3329 880 3412 quatinus
910 3328 1012 3413 juxta
1035 3329 1122 3413 quod
1155 3327 1238 3391 mihi
1271 3329 1461 3394 conceditur

405 3440 421 3466 “
444 3435 642 3516 praegustem
664 3431 787 3515 gaudia
809 3453 883 3514 quse
907 3437 1052 3516 expecto
1100 3435 1260 3495 Attamen
1276 3431 1365 3515 quod
1387 3453 1460 3516 per·

405 3541 420 3566 “
443 3532 653 3609 cunctamini,
676 3532 704 3595 si
728 3533 808 3616 quid
831 3533 894 3596 sibi
918 3533 1001 3596 velit
1023 3554 1117 3596 nosse
1141 3533 1253 3610 vultis,
1273 3555 1343 3598 oras
1365 3534 1460 3598 vobis

403 3645 420 3669 “
443 3641 477 3699 et
499 3657 551 3700 me
584 3641 713 3700 tacente
743 3657 794 3698 res
817 3635 890 3720 ipsa
911 3635 1049 3700 notabit.
1097 3635 1193 3700 Salus
1216 3637 1305 3700 enim
1328 3642 1460 3714 aeterna,

403 3746 502 3823 “pro
525 3759 591 3822 qua
612 3736 780 3821 hucusque
804 3736 952 3801 laboravi
976 3737 1012 3800 in
1035 3741 1132 3814 terra,
1148 3738 1275 3818 instat3
1299 3760 1360 3803 nec
1382 3745 1459 3803 ante

404 3840 599 3904 “transibit
632 3839 776 3906 crastina
808 3839 885 3916 dies,
909 3861 1008 3924 quam
1043 3861 1095 3930 me
1129 3839 1165 3902 in
1197 3861 1269 3904 cam
1296 3840 1459 3905 Dominus

402 3951 419 3976 “
442 3964 542 4018 meua,
581 3942 667 4008 sicut
705 3947 755 4005 cst
793 3941 968 4027 pollicitus,
1006 3941 1221 4006 introducat.’'
1282 3941 1389 4020 Dixit,
1426 3949 1461 4007 et

402 4045 489 4109 unde
522 4045 630 4110 fuerat
653 4065 808 4129 egressus,
833 4045 868 4106 in
891 4044 1069 4108 oratorium
1094 4065 1245 4108 reversus
1269 4050 1327 4110 est.
1374 4045 1459 4126 Onon-

402 4147 528 4212 vocatis
561 4147 679 4211 deinde
711 4146 877 4222 fratribus,
901 4146 1054 4210 hortatur
1086 4167 1140 4210 eos
1173 4146 1362 4231 impendere
1396 4147 1459 4212 sibi

402 4249 623 4312 ministerium
670 4268 769 4312 sacrae
817 4248 1017 4313 inunctionis
1061 4270 1135 4312 cum
1173 4249 1295 4314 viatico
1345 4248 1457 4314 Domi-

402 4351 468 4415 nici
493 4349 655 4434 Corporis,
679 4350 766 4433 quod
799 4349 901 4434 juxta
934 4350 1036 4414 ritum
1071 4349 1296 4415 ecclesiasticae
1324 4351 1457 4416 institu-

401 4451 502 4516 tionis
525 4449 664 4515 debetur
687 4449 885 4514 Christianis
908 4450 948 4516 de
971 4451 1033 4515 hac
1048 4451 1119 4515 vita
1142 4451 1339 4516 transituris.
1387 4452 1459 4533 Quo

401 4553 449 4616 illi
488 4552 602 4617 audito
640 4552 675 4615 in
712 4552 854 4638 gemitus
887 4557 921 4617 et
959 4551 1144 4638 lachrymas
1174 4557 1362 4639 erumpunt,
1393 4576 1460 4620 non

812 4796 819 4829 ¹
839 4797 899 4863 usu]
920 4813 1004 4859 usum,
1016 4799 1046 4848 Β.
