<?xml version="1.0" encoding="UTF-8"?>
<!DOCTYPE html PUBLIC "-//W3C//DTD XHTML 1.0 Transitional//EN"
    "http://www.w3.org/TR/xhtml1/DTD/xhtml1-transitional.dtd">
<html xmlns="http://www.w3.org/1999/xhtml" xml:lang="en" lang="en">
 <head>
  <title>
</title>
<meta http-equiv="Content-Type" content="text/html;charset=utf-8" />
  <meta name='ocr-system' content='tesseract 3.04.00' />
  <meta name='ocr-capabilities' content='ocr_page ocr_carea ocr_par ocr_line ocrx_word'/>
</head>
<body>
  <div class='ocr_page' id='page_1' title='image "./historianschurc00raingoog/historianschurc00raingoog_0165.png"; bbox 0 0 3582 5798; ppageno 0'>
   <div class='ocr_carea' id='block_1_1' title="bbox 595 859 1364 920">
    <p class='ocr_par' dir='ltr' id='par_1_1' title="bbox 595 859 1364 920">
     <span class='ocr_line' id='line_1_1' title="bbox 595 859 1364 920; baseline -0.001 0"><span class='ocrx_word' id='word_1_1' title='bbox 595 871 641 920; x_wconf 78' lang='lat' dir='ltr'>ar</span> <span class='ocrx_word' id='word_1_2' title='bbox 665 871 766 920; x_wconf 84' lang='lat' dir='ltr'>nucn</span> <span class='ocrx_word' id='word_1_3' title='bbox 789 872 859 918; x_wconf 80' lang='lat' dir='ltr'>rna</span> <span class='ocrx_word' id='word_1_4' title='bbox 883 870 1056 919; x_wconf 66' lang='lat' dir='ltr'>cucuron.</span> <span class='ocrx_word' id='word_1_5' title='bbox 1300 859 1364 920; x_wconf 75' lang='lat'>123</span> 
     </span>
    </p>
   </div>
   <div class='ocr_carea' id='block_1_2' title="bbox 269 1057 1527 4618">
    <p class='ocr_par' dir='ltr' id='par_1_2' title="bbox 269 1057 1365 1959">
     <span class='ocr_line' id='line_1_2' title="bbox 304 1057 1365 1144; baseline -0.002 -22"><span class='ocrx_word' id='word_1_6' title='bbox 304 1065 323 1091; x_wconf 90' lang='lat'><strong>“</strong></span> <span class='ocrx_word' id='word_1_7' title='bbox 346 1078 451 1144; x_wconf 84' lang='lat' dir='ltr'>papae,</span> <span class='ocrx_word' id='word_1_8' title='bbox 474 1059 613 1144; x_wconf 87' lang='lat' dir='ltr'>pedibus</span> <span class='ocrx_word' id='word_1_9' title='bbox 635 1065 819 1144; x_wconf 88' lang='lat' dir='ltr'>prostratus</span> <span class='ocrx_word' id='word_1_10' title='bbox 842 1059 1035 1144; x_wconf 77' lang='lat' dir='ltr'>suppliciter</span> <span class='ocrx_word' id='word_1_11' title='bbox 1057 1063 1092 1122; x_wconf 91' lang='lat' dir='ltr'>et</span> <span class='ocrx_word' id='word_1_12' title='bbox 1107 1057 1365 1142; x_wconf 88' lang='lat' dir='ltr'>lacrymabiliter</span> 
     </span>
     <span class='ocr_line' id='line_1_3' title="bbox 307 1161 1362 1246; baseline 0 -22"><span class='ocrx_word' id='word_1_13' title='bbox 307 1161 495 1245; x_wconf 86' lang='lat' dir='ltr'>“requirit</span> <span class='ocrx_word' id='word_1_14' title='bbox 555 1161 627 1226; x_wconf 85' lang='lat' dir='ltr'>Rex</span> <span class='ocrx_word' id='word_1_15' title='bbox 661 1161 772 1226; x_wconf 90' lang='lat' dir='ltr'>subito</span> <span class='ocrx_word' id='word_1_16' title='bbox 799 1171 833 1225; x_wconf 91' lang='lat' dir='ltr'>et</span> <span class='ocrx_word' id='word_1_17' title='bbox 867 1161 1037 1246; x_wconf 90' lang='lat' dir='ltr'>inopinate</span> <span class='ocrx_word' id='word_1_18' title='bbox 1070 1165 1280 1224; x_wconf 84' lang='lat' dir='ltr'>transversus</span> <span class='ocrx_word' id='word_1_19' title='bbox 1304 1165 1362 1224; x_wconf 90' lang='lat' dir='ltr'>est.</span> 
     </span>
     <span class='ocr_line' id='line_1_4' title="bbox 269 1261 1361 1348; baseline -0.004 -21"><span class='ocrx_word' id='word_1_20' title='bbox 269 1275 271 1280; x_wconf 85' lang='lat'>&#39;</span> <span class='ocrx_word' id='word_1_21' title='bbox 306 1269 323 1295; x_wconf 83' lang='lat'>‘¹</span> <span class='ocrx_word' id='word_1_22' title='bbox 347 1261 510 1327; x_wconf 89' lang='lat' dir='ltr'>Hesterno</span> <span class='ocrx_word' id='word_1_23' title='bbox 545 1264 756 1348; x_wconf 81' lang='lat' dir='ltr'>sperabamus</span> <span class='ocrx_word' id='word_1_24' title='bbox 788 1263 931 1327; x_wconf 89' lang='lat' dir='ltr'>cundem</span> <span class='ocrx_word' id='word_1_25' title='bbox 963 1262 1092 1337; x_wconf 89' lang='lat' dir='ltr'>habere,</span> <span class='ocrx_word' id='word_1_26' title='bbox 1123 1261 1219 1326; x_wconf 91' lang='lat' dir='ltr'>hodic</span> <span class='ocrx_word' id='word_1_27' title='bbox 1254 1261 1361 1346; x_wconf 89' lang='lat' dir='ltr'>perdi·</span> 
     </span>
     <span class='ocr_line' id='line_1_5' title="bbox 307 1363 1362 1440; baseline -0.002 -12"><span class='ocrx_word' id='word_1_28' title='bbox 307 1371 321 1396; x_wconf 90' lang='lat'><strong>“</strong></span> <span class='ocrx_word' id='word_1_29' title='bbox 346 1364 462 1429; x_wconf 89' lang='lat' dir='ltr'>dimus.</span> <span class='ocrx_word' id='word_1_30' title='bbox 510 1364 565 1430; x_wconf 86' lang='lat' dir='ltr'>Sic</span> <span class='ocrx_word' id='word_1_31' title='bbox 587 1371 621 1430; x_wconf 93' lang='lat' dir='ltr'>et</span> <span class='ocrx_word' id='word_1_32' title='bbox 643 1365 690 1430; x_wconf 89' lang='lat' dir='ltr'>sic</span> <span class='ocrx_word' id='word_1_33' title='bbox 713 1364 895 1440; x_wconf 89' lang='lat' dir='ltr'>mandavit,</span> <span class='ocrx_word' id='word_1_34' title='bbox 917 1364 1040 1428; x_wconf 87' lang='lat' dir='ltr'>talibus</span> <span class='ocrx_word' id='word_1_35' title='bbox 1063 1369 1097 1428; x_wconf 88' lang='lat' dir='ltr'>et</span> <span class='ocrx_word' id='word_1_36' title='bbox 1112 1363 1234 1428; x_wconf 88' lang='lat' dir='ltr'>talibus</span> <span class='ocrx_word' id='word_1_37' title='bbox 1257 1363 1362 1426; x_wconf 91' lang='lat' dir='ltr'>mina-</span> 
     </span>
     <span class='ocr_line' id='line_1_6' title="bbox 279 1465 1362 1552; baseline 0 -23"><span class='ocrx_word' id='word_1_38' title='bbox 279 1473 323 1516; x_wconf 91' lang='lat'>-“</span> <span class='ocrx_word' id='word_1_39' title='bbox 347 1487 421 1530; x_wconf 91' lang='lat' dir='ltr'>rum</span> <span class='ocrx_word' id='word_1_40' title='bbox 444 1468 636 1532; x_wconf 74' lang='lat' dir='ltr'><strong>tonitrubus</strong></span> <span class='ocrx_word' id='word_1_41' title='bbox 659 1472 813 1532; x_wconf 86' lang='lat' dir='ltr'>exterret.</span> <span class='ocrx_word' id='word_1_42' title='bbox 860 1466 936 1552; x_wconf 88' lang='lat' dir='ltr'>Ipse</span> <span class='ocrx_word' id='word_1_43' title='bbox 959 1488 1037 1530; x_wconf 91' lang='lat' dir='ltr'>vero</span> <span class='ocrx_word' id='word_1_44' title='bbox 1060 1465 1146 1530; x_wconf 86' lang='lat' dir='ltr'>nihil</span> <span class='ocrx_word' id='word_1_45' title='bbox 1181 1465 1362 1551; x_wconf 86' lang='lat' dir='ltr'>ignorabat-</span> 
     </span>
     <span class='ocr_line' id='line_1_7' title="bbox 309 1567 1363 1654; baseline 0 -22"><span class='ocrx_word' id='word_1_46' title='bbox 309 1573 325 1602; x_wconf 90' lang='lat'><strong>“</strong></span> <span class='ocrx_word' id='word_1_47' title='bbox 350 1567 589 1634; x_wconf 84' lang='lat' dir='ltr'>Excellentiam</span> <span class='ocrx_word' id='word_1_48' title='bbox 617 1575 761 1634; x_wconf 88' lang='lat' dir='ltr'>vestram</span> <span class='ocrx_word' id='word_1_49' title='bbox 794 1569 967 1634; x_wconf 88' lang='lat' dir='ltr'>consilimn</span> <span class='ocrx_word' id='word_1_50' title='bbox 999 1569 1145 1654; x_wconf 86' lang='lat' dir='ltr'>postulat</span> <span class='ocrx_word' id='word_1_51' title='bbox 1177 1568 1264 1652; x_wconf 92' lang='lat' dir='ltr'>quod</span> <span class='ocrx_word' id='word_1_52' title='bbox 1298 1567 1363 1632; x_wconf 90' lang='lat' dir='ltr'>Ro·</span> 
     </span>
     <span class='ocr_line' id='line_1_8' title="bbox 307 1669 1362 1737; baseline 0.001 -4"><span class='ocrx_word' id='word_1_53' title='bbox 307 1677 325 1704; x_wconf 88' lang='lat'><strong>“</strong></span> <span class='ocrx_word' id='word_1_54' title='bbox 348 1692 480 1736; x_wconf 84' lang='lat' dir='ltr'>marram</span> <span class='ocrx_word' id='word_1_55' title='bbox 515 1671 683 1737; x_wconf 89' lang='lat' dir='ltr'>ecclesiam</span> <span class='ocrx_word' id='word_1_56' title='bbox 718 1693 813 1736; x_wconf 90' lang='lat' dir='ltr'>suam</span> <span class='ocrx_word' id='word_1_57' title='bbox 847 1693 915 1735; x_wconf 89' lang='lat' dir='ltr'>non</span> <span class='ocrx_word' id='word_1_58' title='bbox 950 1670 1111 1735; x_wconf 73' lang='lat' dir='ltr'>dedeceat.</span> <span class='ocrx_word' id='word_1_59' title='bbox 1175 1670 1219 1733; x_wconf 89' lang='lat' dir='ltr'>Et</span> <span class='ocrx_word' id='word_1_60' title='bbox 1246 1669 1362 1734; x_wconf 86' lang='lat' dir='ltr'>scitote</span> 
     </span>
     <span class='ocr_line' id='line_1_9' title="bbox 308 1773 1362 1858; baseline -0.002 -21"><span class='ocrx_word' id='word_1_61' title='bbox 308 1780 326 1806; x_wconf 91' lang='lat'><strong>“</strong></span> <span class='ocrx_word' id='word_1_62' title='bbox 350 1773 438 1856; x_wconf 90' lang='lat' dir='ltr'>quod</span> <span class='ocrx_word' id='word_1_63' title='bbox 462 1774 548 1858; x_wconf 87' lang='lat' dir='ltr'>(nec)</span> <span class='ocrx_word' id='word_1_64' title='bbox 572 1795 682 1838; x_wconf 89' lang='lat' dir='ltr'>amore</span> <span class='ocrx_word' id='word_1_65' title='bbox 714 1795 775 1839; x_wconf 91' lang='lat' dir='ltr'>nec</span> <span class='ocrx_word' id='word_1_66' title='bbox 807 1773 925 1838; x_wconf 90' lang='lat' dir='ltr'>timore</span> <span class='ocrx_word' id='word_1_67' title='bbox 949 1773 1133 1858; x_wconf 82' lang='lat' dir='ltr'><strong>quominus,</strong></span> <span class='ocrx_word' id='word_1_68' title='bbox 1156 1773 1274 1836; x_wconf 88' lang='lat' dir='ltr'>necin</span> <span class='ocrx_word' id='word_1_69' title='bbox 1298 1793 1362 1856; x_wconf 91' lang='lat' dir='ltr'>quo</span> 
     </span>
     <span class='ocr_line' id='line_1_10' title="bbox 308 1873 1279 1959; baseline 0 -21"><span class='ocrx_word' id='word_1_70' title='bbox 308 1881 325 1908; x_wconf 89' lang='lat'><strong><em>“</em></strong></span> <span class='ocrx_word' id='word_1_71' title='bbox 349 1874 454 1952; x_wconf 87' lang='lat' dir='ltr'>mode,</span> <span class='ocrx_word' id='word_1_72' title='bbox 477 1895 537 1938; x_wconf 89' lang='lat' dir='ltr'>nec</span> <span class='ocrx_word' id='word_1_73' title='bbox 560 1873 695 1939; x_wconf 85' lang='lat' dir='ltr'>alterius</span> <span class='ocrx_word' id='word_1_74' title='bbox 719 1874 854 1940; x_wconf 89' lang='lat' dir='ltr'>consilio</span> <span class='ocrx_word' id='word_1_75' title='bbox 876 1879 1024 1938; x_wconf 89' lang='lat' dir='ltr'>vestrum</span> <span class='ocrx_word' id='word_1_76' title='bbox 1048 1873 1279 1959; x_wconf 88' lang='lat' dir='ltr'>derelinquet.&#39;&#39;</span> 
     </span>
    </p>

    <p class='ocr_par' dir='ltr' id='par_1_3' title="bbox 308 1975 1495 2368">
     <span class='ocr_line' id='line_1_11' title="bbox 354 1975 1495 2062; baseline -0.003 -24"><span class='ocrx_word' id='word_1_77' title='bbox 354 1976 447 2041; x_wconf 86' lang='lat' dir='ltr'>Tunc</span> <span class='ocrx_word' id='word_1_78' title='bbox 462 1977 636 2062; x_wconf 91' lang='lat' dir='ltr'>paululum</span> <span class='ocrx_word' id='word_1_79' title='bbox 658 1977 848 2053; x_wconf 87' lang='lat' dir='ltr'>meditatus,</span> <span class='ocrx_word' id='word_1_80' title='bbox 865 1976 947 2040; x_wconf 86' lang='lat' dir='ltr'>satis</span> <span class='ocrx_word' id='word_1_81' title='bbox 970 1975 1140 2040; x_wconf 89' lang='lat' dir='ltr'>humiliter</span> <span class='ocrx_word' id='word_1_82' title='bbox 1156 1983 1189 2040; x_wconf 92' lang='lat' dir='ltr'>et</span> <span class='ocrx_word' id='word_1_83' title='bbox 1212 1975 1362 2062; x_wconf 84' lang='lat' dir='ltr'>religiose</span> <span class='ocrx_word' id='word_1_84' title='bbox 1375 1985 1430 2036; x_wconf 82' lang='lat' dir='ltr'>The</span> <span class='ocrx_word' id='word_1_85' title='bbox 1442 2003 1495 2036; x_wconf 79' lang='lat' dir='ltr'>car·</span> 
     </span>
     <span class='ocr_line' id='line_1_12' title="bbox 308 2055 1478 2168; baseline -0.001 -26"><span class='ocrx_word' id='word_1_86' title='bbox 308 2079 487 2165; x_wconf 90' lang='lat' dir='ltr'>respondit.</span> <span class='ocrx_word' id='word_1_87' title='bbox 535 2078 657 2165; x_wconf 72' lang='lat' dir='ltr'>“Ego”</span> <span class='ocrx_word' id='word_1_88' title='bbox 688 2079 807 2164; x_wconf 90' lang='lat' dir='ltr'>inquit,</span> <span class='ocrx_word' id='word_1_89' title='bbox 841 2079 964 2143; x_wconf 89' lang='lat' dir='ltr'>“modo</span> <span class='ocrx_word' id='word_1_90' title='bbox 996 2077 1098 2143; x_wconf 87' lang='lat' dir='ltr'>debeo</span> <span class='ocrx_word' id='word_1_91' title='bbox 1129 2077 1263 2142; x_wconf 88' lang='lat' dir='ltr'>Missam</span> <span class='ocrx_word' id='word_1_92' title='bbox 1286 2099 1360 2142; x_wconf 88' lang='lat' dir='ltr'>can-</span> <span class='ocrx_word' id='word_1_93' title='bbox 1374 2055 1478 2168; x_wconf 47' lang='grc' dir='ltr'>ἕζζᾘξῐ</span> 
     </span>
     <span class='ocr_line' id='line_1_13' title="bbox 308 2180 1362 2266; baseline -0.003 -20"><span class='ocrx_word' id='word_1_94' title='bbox 308 2189 326 2214; x_wconf 84' lang='grc'><strong>“</strong></span> <span class='ocrx_word' id='word_1_95' title='bbox 349 2187 429 2261; x_wconf 90' lang='lat' dir='ltr'>tare,</span> <span class='ocrx_word' id='word_1_96' title='bbox 446 2181 504 2246; x_wconf 94' lang='lat' dir='ltr'>ubi</span> <span class='ocrx_word' id='word_1_97' title='bbox 529 2181 692 2266; x_wconf 87' lang='lat' dir='ltr'>Spiritum</span> <span class='ocrx_word' id='word_1_98' title='bbox 724 2181 884 2246; x_wconf 85' lang='lat' dir='ltr'>Sanctum</span> <span class='ocrx_word' id='word_1_99' title='bbox 908 2181 1067 2246; x_wconf 89' lang='lat' dir='ltr'>invocabo</span> <span class='ocrx_word' id='word_1_100' title='bbox 1092 2181 1247 2265; x_wconf 77' lang='lat' dir='ltr'>quatinus</span> <span class='ocrx_word' id='word_1_101' title='bbox 1280 2180 1362 2244; x_wconf 93' lang='lat' dir='ltr'>mihi</span> 
     </span>
     <span class='ocr_line' id='line_1_14' title="bbox 311 2281 1361 2368; baseline -0.004 -20"><span class='ocrx_word' id='word_1_102' title='bbox 311 2290 326 2316; x_wconf 92' lang='lat'><strong><em>“</em></strong></span> <span class='ocrx_word' id='word_1_103' title='bbox 350 2283 505 2368; x_wconf 82' lang='lat' dir='ltr'>dignetur</span> <span class='ocrx_word' id='word_1_104' title='bbox 538 2281 697 2368; x_wconf 85' lang='lat' dir='ltr'>inspirare</span> <span class='ocrx_word' id='word_1_105' title='bbox 733 2281 829 2367; x_wconf 85' lang='lat' dir='ltr'>quale</span> <span class='ocrx_word' id='word_1_106' title='bbox 863 2281 981 2346; x_wconf 89' lang='lat' dir='ltr'>melius</span> <span class='ocrx_word' id='word_1_107' title='bbox 1018 2288 1053 2346; x_wconf 92' lang='lat' dir='ltr'>et</span> <span class='ocrx_word' id='word_1_108' title='bbox 1084 2281 1252 2346; x_wconf 83' lang='lat' dir='ltr'>honestius</span> <span class='ocrx_word' id='word_1_109' title='bbox 1287 2303 1361 2346; x_wconf 87' lang='lat' dir='ltr'>con-</span> 
     </span>
    </p>

    <p class='ocr_par' dir='ltr' id='par_1_4' title="bbox 311 2383 1362 2471">
     <span class='ocr_line' id='line_1_15' title="bbox 311 2383 1362 2471; baseline -0.003 -22"><span class='ocrx_word' id='word_1_110' title='bbox 311 2393 327 2418; x_wconf 91' lang='lat'><strong><em>“</em></strong></span> <span class='ocrx_word' id='word_1_111' title='bbox 350 2385 461 2449; x_wconf 88' lang='lat' dir='ltr'>silium</span> <span class='ocrx_word' id='word_1_112' title='bbox 485 2385 606 2471; x_wconf 88' lang='lat' dir='ltr'>possim</span> <span class='ocrx_word' id='word_1_113' title='bbox 629 2385 715 2449; x_wconf 89' lang='lat' dir='ltr'>dare.</span> <span class='ocrx_word' id='word_1_114' title='bbox 759 2385 810 2448; x_wconf 89' lang='lat' dir='ltr'>lte</span> <span class='ocrx_word' id='word_1_115' title='bbox 842 2385 946 2459; x_wconf 83' lang='lat' dir='ltr'>mode,</span> <span class='ocrx_word' id='word_1_116' title='bbox 970 2389 1005 2448; x_wconf 89' lang='lat' dir='ltr'>et</span> <span class='ocrx_word' id='word_1_117' title='bbox 1028 2406 1098 2448; x_wconf 87' lang='lat' dir='ltr'>cras</span> <span class='ocrx_word' id='word_1_118' title='bbox 1131 2383 1362 2447; x_wconf 86' lang='lat' dir='ltr'>revertimini.&#39;’</span> 
     </span>
    </p>

    <p class='ocr_par' dir='ltr' id='par_1_5' title="bbox 311 2486 1497 3904">
     <span class='ocr_line' id='line_1_16' title="bbox 354 2486 1365 2570; baseline -0.001 -20"><span class='ocrx_word' id='word_1_119' title='bbox 354 2487 523 2551; x_wconf 88' lang='lat' dir='ltr'>Nimirum</span> <span class='ocrx_word' id='word_1_120' title='bbox 557 2487 598 2551; x_wconf 86' lang='lat' dir='ltr'>dc</span> <span class='ocrx_word' id='word_1_121' title='bbox 640 2488 726 2551; x_wconf 90' lang='lat' dir='ltr'>bono</span> <span class='ocrx_word' id='word_1_122' title='bbox 757 2486 890 2550; x_wconf 88' lang='lat' dir='ltr'>homine</span> <span class='ocrx_word' id='word_1_123' title='bbox 926 2487 1006 2550; x_wconf 92' lang='lat' dir='ltr'>bene</span> <span class='ocrx_word' id='word_1_124' title='bbox 1049 2486 1240 2570; x_wconf 87' lang='lat' dir='ltr'>promittere</span> <span class='ocrx_word' id='word_1_125' title='bbox 1278 2487 1365 2549; x_wconf 90' lang='lat' dir='ltr'>bona</span> 
     </span>
     <span class='ocr_line' id='line_1_17' title="bbox 311 2586 1365 2674; baseline -0.001 -21"><span class='ocrx_word' id='word_1_126' title='bbox 311 2609 384 2674; x_wconf 90' lang='lat' dir='ltr'>spes</span> <span class='ocrx_word' id='word_1_127' title='bbox 415 2589 531 2654; x_wconf 87' lang='lat' dir='ltr'>baberi</span> <span class='ocrx_word' id='word_1_128' title='bbox 553 2588 644 2653; x_wconf 89' lang='lat' dir='ltr'>solet.</span> <span class='ocrx_word' id='word_1_129' title='bbox 700 2589 741 2651; x_wconf 91' lang='lat' dir='ltr'>In</span> <span class='ocrx_word' id='word_1_130' title='bbox 772 2588 953 2652; x_wconf 87' lang='lat' dir='ltr'>crastinum</span> <span class='ocrx_word' id='word_1_131' title='bbox 988 2587 1239 2664; x_wconf 85' lang='lat' dir='ltr'>revertentibus,</span> <span class='ocrx_word' id='word_1_132' title='bbox 1271 2586 1365 2652; x_wconf 89' lang='lat' dir='ltr'>nulla</span> 
     </span>
     <span class='ocr_line' id='line_1_18' title="bbox 311 2689 1497 2778; baseline -0.003 -23"><span class='ocrx_word' id='word_1_133' title='bbox 311 2713 390 2756; x_wconf 87' lang='lat' dir='ltr'>usus</span> <span class='ocrx_word' id='word_1_134' title='bbox 422 2691 567 2778; x_wconf 80' lang='lat' dir='ltr'>ambage,</span> <span class='ocrx_word' id='word_1_135' title='bbox 599 2691 729 2756; x_wconf 87' lang='lat' dir='ltr'>locutus</span> <span class='ocrx_word' id='word_1_136' title='bbox 761 2697 817 2755; x_wconf 89' lang='lat' dir='ltr'>est.</span> <span class='ocrx_word' id='word_1_137' title='bbox 881 2690 980 2775; x_wconf 86' lang='lat' dir='ltr'>“Ego</span> <span class='ocrx_word' id='word_1_138' title='bbox 1015 2689 1148 2774; x_wconf 92' lang='lat' dir='ltr'>quidem</span> <span class='ocrx_word' id='word_1_139' title='bbox 1186 2711 1253 2754; x_wconf 91' lang='lat' dir='ltr'>non</span> <span class='ocrx_word' id='word_1_140' title='bbox 1285 2690 1363 2754; x_wconf 87' lang='lat' dir='ltr'>veni</span> <span class='ocrx_word' id='word_1_141' title='bbox 1377 2697 1497 2773; x_wconf 74' lang='lat' dir='ltr'>Ttecar-</span> 
     </span>
     <span class='ocr_line' id='line_1_19' title="bbox 312 2764 1485 2882; baseline -0.004 -22"><span class='ocrx_word' id='word_1_142' title='bbox 312 2803 329 2828; x_wconf 92' lang='lat'><em>“</em></span> <span class='ocrx_word' id='word_1_143' title='bbox 351 2795 524 2860; x_wconf 89' lang='lat' dir='ltr'>consilium</span> <span class='ocrx_word' id='word_1_144' title='bbox 559 2796 645 2874; x_wconf 88' lang='lat' dir='ltr'>dare,</span> <span class='ocrx_word' id='word_1_145' title='bbox 669 2793 726 2858; x_wconf 87' lang='lat' dir='ltr'>sed</span> <span class='ocrx_word' id='word_1_146' title='bbox 759 2794 1002 2858; x_wconf 83' lang='lat' dir='ltr'>contentionem</span> <span class='ocrx_word' id='word_1_147' title='bbox 1027 2813 1127 2856; x_wconf 89' lang='lat' dir='ltr'>unam</span> <span class='ocrx_word' id='word_1_148' title='bbox 1162 2793 1249 2856; x_wconf 89' lang='lat' dir='ltr'>inter</span> <span class='ocrx_word' id='word_1_149' title='bbox 1281 2792 1362 2856; x_wconf 88' lang='lat' dir='ltr'>duas</span> <span class='ocrx_word' id='word_1_150' title='bbox 1376 2764 1485 2882; x_wconf 57' lang='lat' dir='ltr'>ffies</span> 
     </span>
     <span class='ocr_line' id='line_1_20' title="bbox 312 2895 1496 2983; baseline -0.004 -21"><span class='ocrx_word' id='word_1_151' title='bbox 312 2907 329 2932; x_wconf 91' lang='lat'><strong>“</strong></span> <span class='ocrx_word' id='word_1_152' title='bbox 352 2898 502 2964; x_wconf 89' lang='lat' dir='ltr'>ecclesias</span> <span class='ocrx_word' id='word_1_153' title='bbox 525 2901 688 2983; x_wconf 87' lang='lat' dir='ltr'>praecepto</span> <span class='ocrx_word' id='word_1_154' title='bbox 712 2895 837 2960; x_wconf 92' lang='lat' dir='ltr'>domini</span> <span class='ocrx_word' id='word_1_155' title='bbox 861 2917 961 2981; x_wconf 77' lang='lat' dir='ltr'>papae</span> <span class='ocrx_word' id='word_1_156' title='bbox 978 2895 1121 2958; x_wconf 89' lang='lat' dir='ltr'>definire.</span> <span class='ocrx_word' id='word_1_157' title='bbox 1170 2896 1252 2973; x_wconf 80' lang='lat' dir='ltr'>Quae</span> <span class='ocrx_word' id='word_1_158' title='bbox 1275 2896 1303 2958; x_wconf 91' lang='lat' dir='ltr'>si</span> <span class='ocrx_word' id='word_1_159' title='bbox 1327 2896 1496 2958; x_wconf 68' lang='lat' dir='ltr'>intonasse</span> 
     </span>
     <span class='ocr_line' id='line_1_21' title="bbox 313 2965 1454 3083; baseline -0.005 -17"><span class='ocrx_word' id='word_1_160' title='bbox 313 3009 484 3066; x_wconf 87' lang='lat' dir='ltr'>“causam</span> <span class='ocrx_word' id='word_1_161' title='bbox 507 3001 645 3075; x_wconf 85' lang='lat' dir='ltr'>veniret,</span> <span class='ocrx_word' id='word_1_162' title='bbox 669 2999 809 3064; x_wconf 86' lang='lat' dir='ltr'>facerem</span> <span class='ocrx_word' id='word_1_163' title='bbox 841 3002 975 3083; x_wconf 90' lang='lat' dir='ltr'>propter</span> <span class='ocrx_word' id='word_1_164' title='bbox 1009 2997 1097 3082; x_wconf 93' lang='lat' dir='ltr'>quod</span> <span class='ocrx_word' id='word_1_165' title='bbox 1131 2999 1249 3062; x_wconf 88' lang='lat' dir='ltr'>missus</span> <span class='ocrx_word' id='word_1_166' title='bbox 1284 3019 1365 3062; x_wconf 88' lang='lat' dir='ltr'>sum.</span> <span class='ocrx_word' id='word_1_167' title='bbox 1380 2965 1454 3013; x_wconf 79' lang='lat' dir='ltr'>them.</span> 
     </span>
     <span class='ocr_line' id='line_1_22' title="bbox 313 3097 1367 3184; baseline -0.004 -18"><span class='ocrx_word' id='word_1_168' title='bbox 313 3112 329 3136; x_wconf 79' lang='lat'>‘¹</span> <span class='ocrx_word' id='word_1_169' title='bbox 353 3103 444 3166; x_wconf 86' lang='lat' dir='ltr'>Deus</span> <span class='ocrx_word' id='word_1_170' title='bbox 478 3101 534 3164; x_wconf 84' lang='lat' dir='ltr'>det</span> <span class='ocrx_word' id='word_1_171' title='bbox 561 3101 656 3164; x_wconf 82' lang='lat' dir='ltr'>vobis</span> <span class='ocrx_word' id='word_1_172' title='bbox 687 3100 811 3163; x_wconf 88' lang='lat' dir='ltr'>bonum</span> <span class='ocrx_word' id='word_1_173' title='bbox 846 3097 1044 3163; x_wconf 86' lang='lat' dir='ltr'>consilium.’&#39;</span> <span class='ocrx_word' id='word_1_174' title='bbox 1092 3099 1204 3184; x_wconf 84' lang='lat' dir='ltr'>Coepit</span> <span class='ocrx_word' id='word_1_175' title='bbox 1238 3121 1367 3184; x_wconf 91' lang='lat' dir='ltr'>quoque</span> 
     </span>
     <span class='ocr_line' id='line_1_23' title="bbox 312 3201 1367 3286; baseline -0.003 -18"><span class='ocrx_word' id='word_1_176' title='bbox 312 3225 445 3270; x_wconf 87' lang='lat' dir='ltr'>narrare</span> <span class='ocrx_word' id='word_1_177' title='bbox 468 3225 544 3268; x_wconf 79' lang='lat' dir='ltr'>suas</span> <span class='ocrx_word' id='word_1_178' title='bbox 576 3203 846 3268; x_wconf 85' lang='lat' dir='ltr'>comminationes</span> <span class='ocrx_word' id='word_1_179' title='bbox 878 3201 927 3264; x_wconf 93' lang='lat' dir='ltr'>illi</span> <span class='ocrx_word' id='word_1_180' title='bbox 950 3201 1062 3278; x_wconf 78' lang='lat' dir='ltr'>factae,</span> <span class='ocrx_word' id='word_1_181' title='bbox 1087 3203 1127 3266; x_wconf 87' lang='lat' dir='ltr'>de</span> <span class='ocrx_word' id='word_1_182' title='bbox 1161 3204 1367 3286; x_wconf 82' lang='lat' dir='ltr'>separatione</span> 
     </span>
     <span class='ocr_line' id='line_1_24' title="bbox 314 3304 1366 3392; baseline -0.005 -20"><span class='ocrx_word' id='word_1_183' title='bbox 314 3308 414 3372; x_wconf 87' lang='lat' dir='ltr'>etiam</span> <span class='ocrx_word' id='word_1_184' title='bbox 438 3306 538 3392; x_wconf 87' lang='lat' dir='ltr'>hujus</span> <span class='ocrx_word' id='word_1_185' title='bbox 554 3306 647 3392; x_wconf 88' lang='lat' dir='ltr'>regni</span> <span class='ocrx_word' id='word_1_186' title='bbox 671 3305 712 3369; x_wconf 92' lang='lat' dir='ltr'>ab</span> <span class='ocrx_word' id='word_1_187' title='bbox 729 3305 863 3369; x_wconf 86' lang='lat' dir='ltr'>ecclesia</span> <span class='ocrx_word' id='word_1_188' title='bbox 880 3304 1037 3381; x_wconf 89' lang='lat' dir='ltr'>Romana,</span> <span class='ocrx_word' id='word_1_189' title='bbox 1053 3306 1081 3368; x_wconf 92' lang='lat' dir='ltr'>si</span> <span class='ocrx_word' id='word_1_190' title='bbox 1105 3306 1217 3370; x_wconf 85' lang='lat' dir='ltr'>literas</span> <span class='ocrx_word' id='word_1_191' title='bbox 1241 3305 1366 3368; x_wconf 88' lang='lat' dir='ltr'>domini</span> 
     </span>
     <span class='ocr_line' id='line_1_25' title="bbox 313 3405 1367 3494; baseline -0.003 -22"><span class='ocrx_word' id='word_1_192' title='bbox 313 3429 408 3494; x_wconf 87' lang='lat' dir='ltr'>papae</span> <span class='ocrx_word' id='word_1_193' title='bbox 433 3429 513 3492; x_wconf 87' lang='lat' dir='ltr'>quas</span> <span class='ocrx_word' id='word_1_194' title='bbox 544 3406 706 3471; x_wconf 85' lang='lat' dir='ltr'>attulerat</span> <span class='ocrx_word' id='word_1_195' title='bbox 729 3405 926 3481; x_wconf 86' lang='lat' dir='ltr'>ostenderet,</span> <span class='ocrx_word' id='word_1_196' title='bbox 949 3407 977 3469; x_wconf 89' lang='lat' dir='ltr'>si</span> <span class='ocrx_word' id='word_1_197' title='bbox 1001 3407 1036 3468; x_wconf 91' lang='lat' dir='ltr'>in</span> <span class='ocrx_word' id='word_1_198' title='bbox 1059 3405 1120 3471; x_wconf 90' lang='lat' dir='ltr'>hoc</span> <span class='ocrx_word' id='word_1_199' title='bbox 1145 3407 1214 3492; x_wconf 85' lang='lat' dir='ltr'>regi</span> <span class='ocrx_word' id='word_1_200' title='bbox 1238 3411 1367 3471; x_wconf 89' lang='lat' dir='ltr'>contra-</span> 
     </span>
     <span class='ocr_line' id='line_1_26' title="bbox 315 3507 1366 3594; baseline -0.003 -20"><span class='ocrx_word' id='word_1_201' title='bbox 315 3510 445 3575; x_wconf 86' lang='lat' dir='ltr'>diceret.</span> <span class='ocrx_word' id='word_1_202' title='bbox 493 3508 564 3572; x_wconf 87' lang='lat' dir='ltr'>“Et</span> <span class='ocrx_word' id='word_1_203' title='bbox 580 3507 665 3583; x_wconf 91' lang='lat' dir='ltr'>suo‚”</span> <span class='ocrx_word' id='word_1_204' title='bbox 681 3508 800 3592; x_wconf 90' lang='lat' dir='ltr'>inquit,</span> <span class='ocrx_word' id='word_1_205' title='bbox 818 3515 834 3542; x_wconf 93' lang='lat'><strong>“</strong></span> <span class='ocrx_word' id='word_1_206' title='bbox 844 3507 941 3572; x_wconf 91' lang='lat' dir='ltr'>modo</span> <span class='ocrx_word' id='word_1_207' title='bbox 961 3507 1031 3571; x_wconf 89' lang='lat' dir='ltr'>sive</span> <span class='ocrx_word' id='word_1_208' title='bbox 1047 3507 1082 3570; x_wconf 91' lang='lat' dir='ltr'>in</span> <span class='ocrx_word' id='word_1_209' title='bbox 1097 3508 1220 3594; x_wconf 85' lang='lat' dir='ltr'>Anglia</span> <span class='ocrx_word' id='word_1_210' title='bbox 1235 3507 1366 3593; x_wconf 91' lang='lat' dir='ltr'>quando</span> 
     </span>
     <span class='ocr_line' id='line_1_27' title="bbox 315 3607 1364 3696; baseline 0 -21"><span class='ocrx_word' id='word_1_211' title='bbox 315 3619 333 3644; x_wconf 90' lang='lat'><strong>“</strong></span> <span class='ocrx_word' id='word_1_212' title='bbox 356 3611 426 3675; x_wconf 91' lang='lat' dir='ltr'>Deo</span> <span class='ocrx_word' id='word_1_213' title='bbox 450 3609 593 3696; x_wconf 86' lang='lat' dir='ltr'>placebit</span> <span class='ocrx_word' id='word_1_214' title='bbox 615 3607 823 3694; x_wconf 78' lang='lat' dir='ltr'>egressurus,¹</span> <span class='ocrx_word' id='word_1_215' title='bbox 849 3610 919 3673; x_wconf 87' lang='lat' dir='ltr'>sive</span> <span class='ocrx_word' id='word_1_216' title='bbox 951 3609 1055 3674; x_wconf 91' lang='lat' dir='ltr'>habeo</span> <span class='ocrx_word' id='word_1_217' title='bbox 1081 3632 1208 3674; x_wconf 90' lang='lat' dir='ltr'>mecum</span> <span class='ocrx_word' id='word_1_218' title='bbox 1232 3612 1364 3676; x_wconf 86' lang='lat' dir='ltr'>fratrem</span> 
     </span>
     <span class='ocr_line' id='line_1_28' title="bbox 316 3711 1367 3799; baseline -0.001 -21"><span class='ocrx_word' id='word_1_219' title='bbox 316 3719 389 3778; x_wconf 89' lang='lat' dir='ltr'>“et</span> <span class='ocrx_word' id='word_1_220' title='bbox 421 3718 564 3799; x_wconf 75' lang='lat' dir='ltr'>nepotes</span> <span class='ocrx_word' id='word_1_221' title='bbox 588 3711 717 3796; x_wconf 90' lang='lat' dir='ltr'>quibus,</span> <span class='ocrx_word' id='word_1_222' title='bbox 740 3712 803 3776; x_wconf 85' lang='lat' dir='ltr'>etsi</span> <span class='ocrx_word' id='word_1_223' title='bbox 825 3731 893 3775; x_wconf 92' lang='lat' dir='ltr'>non</span> <span class='ocrx_word' id='word_1_224' title='bbox 925 3711 1029 3788; x_wconf 85' lang='lat' dir='ltr'>modo,</span> <span class='ocrx_word' id='word_1_225' title='bbox 1065 3712 1298 3778; x_wconf 83' lang='lat' dir='ltr'>contumeliam</span> <span class='ocrx_word' id='word_1_226' title='bbox 1333 3718 1367 3778; x_wconf 92' lang='lat' dir='ltr'>et</span> 
     </span>
     <span class='ocr_line' id='line_1_29' title="bbox 317 3813 1209 3904; baseline -0.004 -22"><span class='ocrx_word' id='word_1_227' title='bbox 317 3827 334 3853; x_wconf 90' lang='lat'><strong>“</strong></span> <span class='ocrx_word' id='word_1_228' title='bbox 357 3817 514 3904; x_wconf 90' lang='lat' dir='ltr'>injuriam</span> <span class='ocrx_word' id='word_1_229' title='bbox 537 3815 653 3880; x_wconf 79' lang='lat' dir='ltr'>inferri</span> <span class='ocrx_word' id='word_1_230' title='bbox 676 3815 786 3890; x_wconf 90' lang='lat' dir='ltr'>timeo,</span> <span class='ocrx_word' id='word_1_231' title='bbox 810 3814 838 3876; x_wconf 88' lang='lat' dir='ltr'>si</span> <span class='ocrx_word' id='word_1_232' title='bbox 861 3813 930 3899; x_wconf 87' lang='lat' dir='ltr'>regi</span> <span class='ocrx_word' id='word_1_233' title='bbox 954 3815 1209 3879; x_wconf 84' lang='lat' dir='ltr'>contradixer0.&#39;&#39;</span> 
     </span>
    </p>

    <p class='ocr_par' dir='ltr' id='par_1_6' title="bbox 316 3916 1527 4618">
     <span class='ocr_line' id='line_1_30' title="bbox 360 3916 1499 4005; baseline -0.006 -22"><span class='ocrx_word' id='word_1_234' title='bbox 360 3918 552 4005; x_wconf 87' lang='lat' dir='ltr'>Imputabat</span> <span class='ocrx_word' id='word_1_235' title='bbox 575 3919 698 3982; x_wconf 89' lang='lat' dir='ltr'>decano</span> <span class='ocrx_word' id='word_1_236' title='bbox 720 3921 832 3980; x_wconf 86' lang='lat' dir='ltr'>nostro</span> <span class='ocrx_word' id='word_1_237' title='bbox 856 3916 944 4001; x_wconf 88' lang='lat' dir='ltr'>quod</span> <span class='ocrx_word' id='word_1_238' title='bbox 966 3917 1086 4002; x_wconf 77' lang='lat' dir='ltr'>saepius</span> <span class='ocrx_word' id='word_1_239' title='bbox 1120 3917 1302 4002; x_wconf 90' lang='lat' dir='ltr'>inquirenti</span> <span class='ocrx_word' id='word_1_240' title='bbox 1325 3917 1367 3982; x_wconf 93' lang='lat' dir='ltr'>ab</span> <span class='ocrx_word' id='word_1_241' title='bbox 1380 3926 1499 3977; x_wconf 73' lang='lat' dir='ltr'>Theocr-</span> 
     </span>
     <span class='ocr_line' id='line_1_31' title="bbox 317 3995 1527 4113; baseline -0.002 -25"><span class='ocrx_word' id='word_1_242' title='bbox 317 4045 355 4088; x_wconf 89' lang='lat' dir='ltr'>eo</span> <span class='ocrx_word' id='word_1_243' title='bbox 388 4022 429 4087; x_wconf 91' lang='lat' dir='ltr'>de</span> <span class='ocrx_word' id='word_1_244' title='bbox 454 4021 625 4086; x_wconf 88' lang='lat' dir='ltr'>voluntate</span> <span class='ocrx_word' id='word_1_245' title='bbox 660 4019 746 4104; x_wconf 85' lang='lat' dir='ltr'>regis</span> <span class='ocrx_word' id='word_1_246' title='bbox 778 4017 1015 4083; x_wconf 86' lang='lat' dir='ltr'>Eboracensem</span> <span class='ocrx_word' id='word_1_247' title='bbox 1050 4018 1191 4083; x_wconf 86' lang='lat' dir='ltr'>electum</span> <span class='ocrx_word' id='word_1_248' title='bbox 1226 4020 1367 4085; x_wconf 90' lang='lat' dir='ltr'>benevo-</span> <span class='ocrx_word' id='word_1_249' title='bbox 1380 3995 1527 4113; x_wconf 46' lang='lat' dir='ltr'>mesphe</span> 
     </span>
     <span class='ocr_line' id='line_1_32' title="bbox 316 4121 1486 4208; baseline -0.004 -18"><span class='ocrx_word' id='word_1_250' title='bbox 316 4125 454 4190; x_wconf 89' lang='lat' dir='ltr'>lentiam</span> <span class='ocrx_word' id='word_1_251' title='bbox 485 4124 555 4208; x_wconf 88' lang='lat' dir='ltr'>ejus</span> <span class='ocrx_word' id='word_1_252' title='bbox 578 4122 698 4188; x_wconf 91' lang='lat' dir='ltr'>habere</span> <span class='ocrx_word' id='word_1_253' title='bbox 729 4121 868 4198; x_wconf 89' lang='lat' dir='ltr'>dicebat,</span> <span class='ocrx_word' id='word_1_254' title='bbox 885 4121 972 4205; x_wconf 91' lang='lat' dir='ltr'>quod</span> <span class='ocrx_word' id='word_1_255' title='bbox 996 4121 1143 4186; x_wconf 91' lang='lat' dir='ltr'>nuncin</span> <span class='ocrx_word' id='word_1_256' title='bbox 1166 4123 1366 4188; x_wconf 88' lang='lat' dir='ltr'>eontrarium</span> <span class='ocrx_word' id='word_1_257' title='bbox 1381 4127 1486 4177; x_wconf 73' lang='lat' dir='ltr'>desnos</span> 
     </span>
     <span class='ocr_line' id='line_1_33' title="bbox 316 4193 1460 4314; baseline -0.004 -21"><span class='ocrx_word' id='word_1_258' title='bbox 316 4229 481 4314; x_wconf 87' lang='lat' dir='ltr'>relapsum</span> <span class='ocrx_word' id='word_1_259' title='bbox 515 4230 593 4291; x_wconf 88' lang='lat' dir='ltr'>crat.</span> <span class='ocrx_word' id='word_1_260' title='bbox 656 4224 700 4288; x_wconf 88' lang='lat' dir='ltr'>Et</span> <span class='ocrx_word' id='word_1_261' title='bbox 735 4227 846 4288; x_wconf 89' lang='lat' dir='ltr'>tamen</span> <span class='ocrx_word' id='word_1_262' title='bbox 878 4245 919 4286; x_wconf 86' lang='lat' dir='ltr'>ex</span> <span class='ocrx_word' id='word_1_263' title='bbox 954 4221 1059 4287; x_wconf 84' lang='lat' dir='ltr'>literis</span> <span class='ocrx_word' id='word_1_264' title='bbox 1091 4245 1172 4307; x_wconf 89' lang='lat' dir='ltr'>quas</span> <span class='ocrx_word' id='word_1_265' title='bbox 1196 4246 1254 4290; x_wconf 84' lang='lat' dir='ltr'>rex</span> <span class='ocrx_word' id='word_1_266' title='bbox 1277 4225 1368 4289; x_wconf 88' lang='lat' dir='ltr'>misit</span> <span class='ocrx_word' id='word_1_267' title='bbox 1381 4193 1460 4242; x_wconf 80' lang='lat' dir='ltr'>York.</span> 
     </span>
     <span class='ocr_line' id='line_1_34' title="bbox 317 4325 1368 4414; baseline -0.004 -18"><span class='ocrx_word' id='word_1_268' title='bbox 317 4331 450 4396; x_wconf 90' lang='lat' dir='ltr'>domino</span> <span class='ocrx_word' id='word_1_269' title='bbox 472 4349 576 4414; x_wconf 87' lang='lat' dir='ltr'>papae,</span> <span class='ocrx_word' id='word_1_270' title='bbox 593 4327 711 4410; x_wconf 89' lang='lat' dir='ltr'>etipse</span> <span class='ocrx_word' id='word_1_271' title='bbox 734 4325 909 4390; x_wconf 85' lang='lat' dir='ltr'>cardinalis</span> <span class='ocrx_word' id='word_1_272' title='bbox 925 4325 1019 4402; x_wconf 89' lang='lat' dir='ltr'>vidit,</span> <span class='ocrx_word' id='word_1_273' title='bbox 1035 4327 1234 4411; x_wconf 84' lang='lat' dir='ltr'>perpendere</span> <span class='ocrx_word' id='word_1_274' title='bbox 1258 4327 1368 4412; x_wconf 89' lang='lat' dir='ltr'>potuit</span> 
     </span>
     <span class='ocr_line' id='line_1_35' title="bbox 317 4427 1367 4512; baseline -0.002 -16"><span class='ocrx_word' id='word_1_275' title='bbox 317 4433 476 4498; x_wconf 85' lang='lat' dir='ltr'>decanum</span> <span class='ocrx_word' id='word_1_276' title='bbox 515 4429 600 4492; x_wconf 89' lang='lat' dir='ltr'>nihil</span> <span class='ocrx_word' id='word_1_277' title='bbox 637 4427 730 4492; x_wconf 88' lang='lat' dir='ltr'>aliud</span> <span class='ocrx_word' id='word_1_278' title='bbox 768 4449 866 4512; x_wconf 90' lang='lat' dir='ltr'>quam</span> <span class='ocrx_word' id='word_1_279' title='bbox 905 4427 993 4511; x_wconf 89' lang='lat' dir='ltr'>quod</span> <span class='ocrx_word' id='word_1_280' title='bbox 1046 4429 1199 4493; x_wconf 88' lang='lat' dir='ltr'>credebat</span> <span class='ocrx_word' id='word_1_281' title='bbox 1236 4429 1367 4495; x_wconf 82' lang='lat' dir='ltr'>dixisse.</span> 
     </span>
     <span class='ocr_line' id='line_1_36' title="bbox 320 4529 1367 4618; baseline 0 -20"><span class='ocrx_word' id='word_1_282' title='bbox 320 4533 486 4618; x_wconf 79' lang='lat' dir='ltr'>Quicquid</span> <span class='ocrx_word' id='word_1_283' title='bbox 519 4531 648 4617; x_wconf 88' lang='lat' dir='ltr'>legatus</span> <span class='ocrx_word' id='word_1_284' title='bbox 680 4529 811 4594; x_wconf 88' lang='lat' dir='ltr'>dicebat</span> <span class='ocrx_word' id='word_1_285' title='bbox 855 4529 948 4592; x_wconf 82' lang='lat' dir='ltr'>Prior·</span> <span class='ocrx_word' id='word_1_286' title='bbox 988 4529 1198 4595; x_wconf 85' lang='lat' dir='ltr'>Dunonensis</span> <span class='ocrx_word' id='word_1_287' title='bbox 1231 4536 1367 4598; x_wconf 86' lang='lat' dir='ltr'>attesta-</span> 
     </span>
    </p>
   </div>
   <div class='ocr_carea' id='block_1_3' title="bbox 610 4687 1366 4708">
    <p class='ocr_par' dir='ltr' id='par_1_7' title="bbox 610 4687 1366 4708">
     <span class='ocr_line' id='line_1_37' title="bbox 610 4687 1366 4708; baseline 0.005 -6"><span class='ocrx_word' id='word_1_288' title='bbox 610 4697 692 4704; x_wconf 73' lang='grc'>......,.</span> <span class='ocrx_word' id='word_1_289' title='bbox 712 4687 1007 4702; x_wconf 60' lang='grc'><em>.-,,..-..--.......--.’..-..</em></span> <span class='ocrx_word' id='word_1_290' title='bbox 1038 4697 1090 4704; x_wconf 81' lang='grc'>.....</span> <span class='ocrx_word' id='word_1_291' title='bbox 1104 4697 1147 4703; x_wconf 78' lang='grc'>--</span> <span class='ocrx_word' id='word_1_292' title='bbox 1169 4699 1274 4705; x_wconf 52' lang='grc'><em>-..,..--.</em></span> <span class='ocrx_word' id='word_1_293' title='bbox 1292 4700 1366 4708; x_wconf 57' lang='grc'>.....-</span> 
     </span>
    </p>
   </div>
   <div class='ocr_carea' id='block_1_4' title="bbox 323 4701 539 4712">
    <p class='ocr_par' dir='ltr' id='par_1_8' title="bbox 323 4701 539 4712">
     <span class='ocr_line' id='line_1_38' title="bbox 323 4701 539 4712; baseline -0.009 -3"><span class='ocrx_word' id='word_1_294' title='bbox 323 4701 467 4712; x_wconf 72' lang='grc'><strong><em>....-.-.-----</em></strong></span> <span class='ocrx_word' id='word_1_295' title='bbox 487 4701 539 4704; x_wconf 91' lang='grc'>---</span> 
     </span>
    </p>
   </div>
   <div class='ocr_carea' id='block_1_5' title="bbox 701 4780 995 4846">
    <p class='ocr_par' dir='ltr' id='par_1_9' title="bbox 701 4780 995 4846">
     <span class='ocr_line' id='line_1_39' title="bbox 701 4780 995 4846; baseline -0.007 -14"><span class='ocrx_word' id='word_1_296' title='bbox 701 4780 708 4814; x_wconf 84' lang='lat'>¹</span> <span class='ocrx_word' id='word_1_297' title='bbox 727 4780 753 4831; x_wconf 79' lang='lat' dir='ltr'>A</span> <span class='ocrx_word' id='word_1_298' title='bbox 766 4786 868 4846; x_wconf 84' lang='lat' dir='ltr'>corrupt</span> <span class='ocrx_word' id='word_1_299' title='bbox 880 4795 995 4846; x_wconf 79' lang='lat' dir='ltr'>passage.</span> 
     </span>
    </p>
   </div>
   <div class='ocr_carea' id='block_1_6' title="bbox 0 0 1805 5796">
    <p class='ocr_par' dir='ltr' id='par_1_10' title="bbox 0 0 1805 5796">
     <span class='ocr_line' id='line_1_40' title="bbox 0 0 1805 5796; baseline 0 0"><span class='ocrx_word' id='word_1_300' title='bbox 0 0 1805 5796; x_wconf 95' lang='lat' dir='ltr'> </span> 
     </span>
    </p>
   </div>
  </div>
 </body>
</html>
