3582 5798
437 889 479 953 86
759 899 842 969 vrru
865 898 987 949 esron
1010 898 1164 948 oswium

435 1087 546 1152 omnia
569 1096 671 1168 pandit
693 1113 728 1150 sx
751 1095 860 1162 ordine,
884 1106 983 1170 quam
1006 1104 1096 1150 saeva
1116 1082 1401 1162 animaduersione
1423 1081 1489 1145 luit

435 1191 524 1275 quod
546 1195 809 1277 praesumpserat,
833 1188 922 1274 quod
951 1192 1065 1252 sancto
1089 1187 1162 1252 viro
1191 1207 1260 1250 non
1283 1183 1413 1260 detulit,
1436 1184 1487 1247 in·

436 1293 624 1358 differenter
646 1313 808 1378 occupans
831 1290 938 1358 locum
962 1311 1068 1354 suum.

269 1403 391 1454 Oswald’s
480 1395 590 1460 Muta
612 1395 745 1480 quidem
761 1399 795 1459 et
817 1393 883 1458 alia
905 1393 1000 1479 signa
1021 1392 1160 1456 fuerunt
1182 1391 1303 1477 quibus
1325 1389 1484 1475 glorifice·

267 1469 389 1586 ἔξω
436 1497 488 1561 vit
511 1497 602 1561 Deus
625 1517 745 1561 nomen
770 1495 876 1560 Suum
899 1495 935 1558 in
967 1515 1063 1558 servo
1086 1493 1163 1570 Suo,
1187 1515 1261 1578 quae
1284 1514 1343 1578 per
1376 1495 1484 1556 totum

434 1595 568 1664 historae
605 1603 737 1662 textum
774 1596 989 1683 praeterimus,
1021 1600 1210 1680 susceptum
1241 1615 1362 1658 munus
1400 1614 1485 1658 oom-

434 1700 547 1785 pendii
569 1705 658 1764 mete
688 1698 838 1764 claudere
869 1697 1045 1784 cupientes
1092 1695 1205 1761 Habet
1234 1701 1347 1760 tamen
1369 1715 1412 1758 ex
1433 1690 1485 1756 his

435 1802 579 1888 prudens
617 1801 719 1866 lector
756 1804 790 1864 et
827 1799 908 1884 quid
946 1799 1092 1876 miretur,
1132 1802 1167 1864 et
1204 1797 1285 1884 quid
1316 1795 1466 1861 imitetur
1478 1819 1486 1874 ;

435 1910 599 1990 postremo
633 1903 877 1967 firmamentum
909 1903 987 1988 spei,
1009 1901 1183 1988 praemium
1216 1899 1302 1978 fidei,
1329 1899 1484 1987 quoniam

435 2005 511 2069 finis
533 2003 651 2070 horum
674 2004 817 2090 pretiosa
838 2024 925 2069 mors
948 2009 1006 2070 est.

439 2271 608 2356 Quomodo
627 2277 703 2360 poet
724 2271 962 2338 revetatiorwm
984 2271 1106 2340 Secreto
1134 2271 1268 2358 factoro
1289 2278 1368 2338 onte
1386 2269 1485 2358 pedes

754 2396 952 2460 pauperum
975 2373 1169 2460 exspiravit.

479 2552 582 2622 Iraque
605 2550 642 2604 od
665 2567 778 2605 suorum
800 2549 957 2604 transitum
988 2539 1089 2625 hujus
1120 2541 1253 2626 patroni
1287 2541 1392 2606 nostri
1423 2548 1484 2605 stili

434 2649 620 2730 repetamus
643 2652 779 2720 officium,
803 2643 946 2728 qualiter
976 2643 1200 2708 introduxerit
1231 2665 1308 2708 eum
1334 2643 1425 2708 Deus
1447 2643 1483 2707 in

435 2746 623 2812 cubiculum
639 2745 745 2811 Suum
768 2745 875 2812 civem
891 2744 1090 2811 Sanctorum
1105 2750 1140 2810 et
1163 2745 1380 2810 domesticum
1395 2744 1482 2822 fidei,

434 2849 493 2913 ubi
515 2851 690 2933 pausatum
714 2847 783 2912 itur
804 2847 840 2910 in
863 2852 1032 2913 aeternum.
1078 2845 1129 2912 Ut
1150 2846 1255 2933 igitur
1277 2845 1482 2912 Rameseiem

356 3008 374 3056 y
433 2949 541 3035 liquit,
576 2947 781 3034 Wigorniam
813 2949 1037 3035 proficiscitur.
1085 2947 1296 3034 loquebatur
1327 2947 1415 3012 enim
1446 2947 1482 3012 in

434 3073 472 3118 eo
503 3051 648 3137 Spiritus
670 3049 816 3130 Domini,
839 3051 957 3117 docens
988 3073 1065 3116 eum
1098 3051 1139 3116 de
1172 3050 1323 3116 omnibus
1357 3050 1482 3135 inquo

432 3153 571 3240 agnovit
600 3153 770 3218 imminere
801 3152 889 3217 diem
919 3153 1128 3220 resolutionis
1156 3174 1234 3231 suae,
1257 3157 1292 3218 et
1322 3153 1482 3218 transitus

430 3277 473 3321 ex
495 3253 702 3320 boemundo
725 3254 769 3319 ad
791 3253 930 3320 Patrem.
985 3254 1084 3320 Unde
1106 3255 1214 3322 locum
1238 3277 1334 3340 quem
1358 3255 1480 3341 specia-

429 3355 507 3421 liter
529 3354 691 3420 dilexerat
720 3354 843 3441 delegit
872 3355 1060 3442 sepulturae.
1106 3355 1252 3421 Veniens
1274 3357 1387 3442 itaque
1410 3355 1480 3420 Wi-

430 3457 580 3544 gomiam
602 3456 718 3522 diebus
733 3477 772 3522 ac
793 3456 946 3522 noctibus
969 3462 1114 3523 mentem
1136 3457 1173 3521 in
1191 3457 1308 3543 jubilo,
1324 3458 1479 3543 spiritum

432 3563 596 3628 labiorum
630 3582 764 3626 suorum
802 3561 1021 3628 continuabat
1050 3563 1087 3626 in
1124 3561 1259 3628 cantico.
1329 3561 1479 3628 Noverat

261 3673 310 3725 uir
434 3666 522 3732 enim
559 3663 715 3750 quoniam
745 3663 855 3749 quoad
891 3663 1122 3750 corpusculum
1151 3663 1207 3730 hic
1229 3663 1373 3749 [requies
1396 3665 1476 3751 ejus,

208 3780 213 3788 '
258 3743 373 3859 ffipgth
432 3766 542 3854 quoad
579 3767 725 3832 animam
762 3766 862 3832 scivit
898 3766 952 3831 cui
990 3764 1140 3843 credidit,
1157 3766 1331 3851 ¹quoniam
1365 3766 1478 3854 justus

424 3869 531 3955 judex
554 3871 611 3933 est.
658 3867 768 3954 Igitur
790 3865 958 3933 confectus
980 3867 1079 3945 senio,
1095 3871 1290 3932 attenuatus
1311 3867 1423 3934 labore
1443 3875 1478 3935 et

426 3991 574 4038 aerumna
594 3975 629 4036 et
645 3969 784 4056 jejuniis
814 3969 937 4048 multis,
960 3969 1088 4035 viribus
1117 3971 1260 4056 corporis
1282 3971 1384 4058 coepit
1406 3971 1478 4038 des-

425 4074 514 4142 titui.

257 4187 285 4238 1t
296 4205 346 4240 m
357 4189 397 4240 hig
470 4172 602 4228 Aderant
630 4167 743 4226 autem
773 4170 847 4226 sacri
878 4171 1111 4242 Quadragesimae
1141 4171 1213 4238 dies,
1244 4171 1276 4226 in
1306 4173 1411 4244 quibus
1441 4166 1476 4231 id
1487 4183 1605 4247 Esdmer,

258 4255 327 4319 ‘biit
338 4263 408 4307 W⁰¹1t
425 4253 524 4318 moris
546 4259 670 4315 habebat
692 4260 815 4331 siugulis
837 4260 938 4316 diebus
960 4265 1067 4332 praeter
1095 4262 1178 4329 alios,
1194 4280 1266 4334 quoe
1288 4262 1385 4319 alebat
1406 4266 1510 4336 quo-P·
1523 4255 1565 4302 35·

256 4323 400 4441 ffissssg‘l
426 4351 508 4416 tidie,
532 4362 671 4424 quorum
692 4361 849 4406 numerus
871 4363 939 4406 non
968 4342 1118 4421 occurrit,
1140 4351 1291 4408 duodecim
1315 4371 1474 4428 pauperum

257 4453 348 4506 festos
427 4439 513 4512 pedes
536 4438 661 4505 abluere,
677 4438 869 4494 deosculando
892 4441 971 4496 crine
994 4445 1024 4496 et
1047 4441 1158 4498 lintheo
1180 4447 1293 4514 tergere
1316 4454 1382 4517 quo
1405 4441 1475 4500 erat

255 4521 347 4572 ‘'0¹'ss
426 4520 628 4607 praecinctUS,
652 4519 762 4605 sicque
791 4529 924 4585 manibus
954 4548 1059 4603 aquom
1088 4531 1219 4598 fundere,
1244 4533 1378 4589 denarios
1401 4552 1474 4606 prse-

256 4603 320 4704 ffi
331 4604 388 4706 ¹2³2
426 4620 502 4686 bere,
526 4609 638 4695 eisque
659 4617 791 4690 apposite
813 4637 912 4675 mense
927 4620 1111 4690 ministror03
1133 4611 1265 4698 illisque
1287 4612 1404 4680 dicbus
1425 4615 1475 4679 ita

317 4691 325 4715 '
377 4693 384 4706 '
425 4699 565 4786 peractis
598 4699 728 4764 eosdem
759 4708 791 4762 in
814 4709 924 4765 Pascha
944 4709 1074 4766 vestibus
1095 4711 1180 4767 novis
1203 4703 1348 4782 induere,
1371 4704 1473 4790 possi-

424 4804 505 4868 dens
527 4801 671 4868 animam
687 4821 779 4867 suam
803 4801 839 4865 in
861 4803 1111 4868 necessitatibus
1134 4825 1316 4892 pauperum
1339 4812 1374 4872 et
1397 4827 1473 4873 eon-
