3582 5798
435 897 478 962 64
754 913 839 962 vrrs
862 913 985 962 sssorr
1008 913 1163 964 oswsnnr

268 1113 423 1165 sescentae
436 1100 615 1166 Dominum
648 1100 753 1166 Suum
776 1101 812 1166 in
835 1107 1047 1179 sacramento,
1072 1129 1176 1184 corpus
1201 1111 1388 1168 Dominionm
1419 1113 1497 1168 inter
1512 1115 1635 1174 sadmer,

268 1182 390 1296 {ffigm
436 1219 540 1256 manus
549 1199 612 1272 ejus
628 1206 792 1268 cruentum,
803 1202 1040 1278 sanguinemque
1051 1200 1198 1257 distillans
1207 1201 1239 1256 in
1254 1203 1375 1259 calicem
1385 1199 1496 1260 asian.
1509 1196 1533 1244 p.
1545 1185 1569 1230 5.

267 1315 358 1362 tumea
370 1312 424 1363 into
436 1280 526 1346 tibus
549 1291 694 1362 apparuit.
741 1281 837 1360 Quod
861 1283 923 1347 etsi
950 1287 1109 1348 terrorem
1141 1283 1316 1361 incuteret,
1340 1285 1376 1348 in
1399 1305 1496 1370 argu·

266 1380 396 1498 gffidstssd
436 1387 586 1448 mentum
616 1388 729 1450 tamen
751 1383 829 1448 fidei
852 1384 1002 1470 pulsavit
1024 1385 1203 1463 intuentes,
1227 1386 1385 1470 quoniam
1408 1381 1496 1471 quod

344 1483 350 1496 ’
436 1487 609 1554 conficitur
632 1488 754 1552 veritas
778 1493 829 1552 est
851 1488 995 1574 corporis
1016 1493 1051 1553 et
1074 1489 1247 1576 sanguinis
1263 1489 1409 1568 Domini,
1432 1483 1495 1554 s‘ub

436 1589 542 1674 specie
569 1595 681 1656 tamon
706 1589 801 1676 penis
824 1595 858 1655 et
892 1589 985 1654 vini:
1015 1589 1073 1655 sed
1105 1612 1184 1656 mox
1213 1591 1257 1657 ad
1279 1611 1391 1678 preces
1413 1613 1494 1677 pon-

331 1761 336 1772 ,
435 1691 534 1758 tificis
557 1691 593 1756 in
616 1697 807 1758 consuetam
830 1691 971 1758 formam
993 1691 1188 1759 restitutum
1211 1697 1270 1759 est.

681 1975 730 2044 Dc
748 1975 907 2065 placidie
928 1975 1050 2044 Sancti
1074 1975 1233 2044 Oscuoldi.

267 2146 401 2198 oswaldis
481 2134 535 2198 Ad
557 2133 646 2198 hunc
668 2131 781 2218 itaque
804 2130 948 2196 contulit
970 2151 1040 2196 sese
1062 2151 1146 2216 puer
1180 2129 1364 2210 Oswaldus,
1386 2131 1430 2197 ab
1453 2153 1491 2198 eo

265 2215 423 2345 {ffig‘ul'
437 2237 574 2302 formam
598 2236 678 2300 vitae
700 2238 901 2319 accepturus,
926 2233 983 2318 qui
1006 2233 1053 2298 sic
1076 2232 1263 2298 ambulavit
1296 2233 1333 2298 in
1355 2233 1490 2300 mirebi-
1503 2241 1637 2294 Paem

437 2337 524 2402 libus
546 2357 644 2424 super
666 2357 709 2402 se.
756 2335 905 2400 Noverat
928 2333 1017 2399 enim
1048 2333 1137 2419 quod
1160 2334 1204 2398 ab
1226 2355 1282 2399 ore
1316 2333 1490 2420 prudentis
1500 2313 1526 2358 ²·

436 2439 583 2526 procedit
616 2439 690 2517 mel,
723 2443 757 2503 et
788 2438 832 2503 ab
854 2437 994 2502 eruditis
1027 2437 1123 2502 eorde
1161 2435 1334 2522 sapientia.
1381 2435 1489 2517 Quam
1503 2447 1655 2498 Palmix.

435 2543 568 2608 haurire
589 2541 720 2628 plenius
743 2545 778 2606 et
800 2539 932 2603 infundi
955 2539 1020 2604 sibi
1054 2539 1250 2625 propensius
1272 2537 1490 2618 desiderabat,
1504 2520 1543 2565 ¹²·

435 2645 590 2711 volutans
613 2649 723 2709 mente
747 2643 902 2728 quoniam
918 2643 1049 2728 sapiens
1070 2641 1158 2706 filius
1181 2641 1287 2727 gloria
1301 2642 1409 2727 patris
1432 2647 1490 2708 est.

436 2746 480 2812 Et
518 2766 718 2832 quamquam
749 2765 771 2810 a
804 2743 964 2830 primaeve
995 2747 1095 2808 aetatc
1127 2742 1317 2808 unctionem
1349 2743 1489 2809 interius

435 2847 627 2934 magistram
650 2845 812 2924 habuerit,
836 2845 1003 2911 hominem
1034 2845 1251 2910 nihilominus
1283 2844 1385 2931 elegit
1416 2845 1489 2910 doe-

435 2955 548 3027 torem,
580 2973 622 3016 ne
656 2951 692 3014 in
723 2949 833 3034 aliquo
865 2947 1066 3012 humilitatis
1103 2947 1273 3034 negligens
1312 2937 1489 3014 videretur.

436 3052 506 3117 Ubi
528 3052 663 3117 edoctus
686 3072 815 3116 morum
838 3050 874 3113 in
897 3049 1114 3135 disciplinam,
1147 3049 1379 3136 virtutumque
1414 3071 1489 3136 pro-

436 3155 568 3231 fectum,
590 3153 692 3239 eoepit
712 3173 869 3239 apparere
883 3151 1078 3216 manifestus
1099 3151 1180 3237 quid
1195 3157 1267 3217 erat
1288 3151 1325 3216 in
1346 3151 1489 3228 homine,

437 3263 472 3322 et
494 3255 530 3320 in
552 3255 758 3321 adolescente
781 3254 891 3340 gratia
913 3253 976 3318 Dei
999 3273 1105 3319 vacua
1126 3273 1193 3318 non
1216 3253 1331 3319 videri.

270 3387 310 3437 He
323 3403 403 3440 „m
484 3359 526 3422 In
548 3357 756 3424 addiscendis
786 3361 898 3422 eutem
924 3355 1129 3422 documentis
1162 3365 1278 3422 Divinis
1305 3361 1340 3422 et
1369 3364 1486 3421 aescula
1499 3377 1619 3428 mima.

267 3454 337 3532 1³¹¹?ss
350 3455 380 3506 ⁰f
440 3460 746 3550 ribus‚.magisteri0
773 3465 924 3538 cujusdam
948 3467 1105 3539 Fridogodi
1120 3468 1239 3523 nomine
1273 3458 1406 3525 functus
1429 3448 1561 3536 est,1’·⁵·

267 3521 428 3589 lindegods.
441 3565 499 3648 qni
521 3564 557 3628 in
579 3561 631 3627 his
654 3583 693 3628 ea
714 3566 911 3648 tempestate
941 3583 1009 3646 prae
1032 3561 1106 3626 eliis
1140 3560 1321 3646 plurimum
1343 3561 1490 3647 potuisse

441 3665 629 3751 putabatur.
674 3667 706 3728 A
740 3685 806 3749 quo
836 3669 1024 3748 susceptam
1047 3663 1232 3728 doctrinam
1255 3663 1363 3751 coegit
1385 3667 1491 3740 caute,

438 3769 586 3856 signavit
607 3769 796 3855 prudenter,
818 3767 986 3854 impressit
1008 3767 1184 3846 memoriae,
1200 3767 1378 3854 replicavit
1392 3789 1488 3854 saepe.

438 3871 494 3940 Sic
515 3871 604 3938 enim
627 3873 776 3958 oportuit
798 3875 838 3935 ut
860 3890 932 3936 eam
955 3889 1062 3957 itaque
1093 3868 1142 3936 ed
1174 3891 1276 3938 cauea
1309 3869 1489 3947 inaniret,
1502 3875 1622 3930 natvs

436 3973 592 4061 quoniam
625 3973 782 4040 memoria
813 3971 942 4058 fragilis
974 3976 1034 4048 est,
1057 3975 1092 4036 et
1121 3991 1164 4037 ex
1198 3971 1351 4037 omnibus
1384 3971 1489 4037 animi
1504 3949 1544 3996 ¹⁸·

267 4099 315 4152 Hic
327 4101 381 4154 zeal
435 4078 586 4164 partibus
608 4077 645 4140 in
667 4097 766 4162 quam
790 4075 931 4162 primam
954 4073 1093 4139 offendit
1114 4077 1272 4140 senectus.
1319 4073 1361 4137 ln
1384 4073 1489 4140 omni-

267 4169 388 4236 instuuy.
435 4181 497 4246 bus
519 4179 572 4243 his
595 4179 744 4244 studium
767 4179 848 4244 vitae
871 4197 939 4242 non
962 4175 1084 4241 defecit
1112 4175 1148 4238 in
1171 4173 1238 4254 illo,
1261 4175 1318 4241 sed
1341 4197 1410 4262 prae
1433 4177 1489 4241 de-

435 4282 555 4348 siderio
579 4303 676 4368 super
698 4285 815 4346 votum
841 4279 1179 4368 seipsumflmactebat
1204 4277 1327 4345 cotidie
1358 4279 1394 4343 in
1428 4299 1487 4346 ara

435 4384 643 4451 conscientiae
666 4387 701 4448 et
722 4383 829 4449 carnis
862 4381 1124 4459 mortificatione,
1148 4381 1304 4466 quoniam
1331 4382 1367 4445 in
1390 4381 1488 4448 vinea

435 4487 572 4552 Domini
595 4507 677 4572 opus
699 4485 735 4550 in
757 4485 893 4571 praemio
924 4491 984 4563 est,
1007 4505 1075 4550 non
1107 4503 1226 4549 manus
1249 4483 1362 4550 otiosa.
1410 4485 1487 4550 Per-

435 4590 552 4676 pendr't
574 4589 687 4674 itaque
710 4588 892 4654 doctrinam
923 4589 1097 4654 discretam
1128 4591 1263 4673 propter
1296 4585 1486 4674 operantem

435 4692 643 4779 sapientiam,
666 4697 700 4756 et
730 4691 841 4756 virum
856 4691 892 4754 in
922 4697 1064 4776 utroque
1087 4690 1224 4777 vigilem
1248 4689 1306 4775 qui
1338 4711 1405 4756 non
1427 4711 1485 4756 au-

435 4795 589 4862 tumabat
610 4793 780 4860 scientiam
804 4794 875 4858 sine
897 4793 971 4878 vite
1001 4791 1217 4878 profuturam,
1240 4797 1276 4857 et
1298 4792 1380 4858 scire
1413 4815 1486 4878 quae
