3538 5800
638 895 796 946 1001000
820 895 992 944 11011000.
1289 883 1331 948 39

282 1089 355 1152 tum
390 1085 522 1152 mortui.
569 1085 734 1152 Viderunt
768 1087 899 1165 etenim,
930 1085 987 1172 qui
1018 1087 1250 1162 convenerant,
1284 1083 1335 1147 ni-

281 1210 379 1254 veam
412 1187 598 1255 columbam
636 1188 677 1253 de
708 1189 835 1275 superis
865 1189 1054 1254 venientem
1089 1187 1242 1274 expansis
1274 1185 1335 1250 alis

282 1289 376 1355 lento
413 1289 506 1356 volat
491 1295 530 1356 tu
579 1295 750 1378 protegere
800 1311 917 1376 corpus
955 1289 1138 1356 antistitis.1
1199 1290 1408 1408 Igneamaw
1386 1291 1462 1341 white

282 1413 412 1478 quoque
446 1391 633 1479 sphaeram,8
666 1393 710 1457 ad
748 1392 833 1459 scuti
865 1392 980 1457 teretis
1006 1392 1120 1472 instar,
1156 1413 1223 1458 una
1257 1391 1336 1458 caelo
1348 1359 1506 1490 qphgrgqqa

283 1493 451 1582 delapsam
474 1517 573 1581 super
594 1494 678 1559 feret
663 1498 753 1560 trum
784 1495 836 1560 int
821 1495 1010 1560 t.uebantur
1057 1495 1101 1560 Et
1135 1491 1463 1608 1011011011100118ῃὶ1111

284 1604 448 1664 unumst
434 1599 563 1664 taliud
586 1597 718 1685 signum
742 1603 869 1684 rogant,
893 1603 932 1662 ut
955 1597 1013 1683 qui
1035 1620 1103 1663 non
1125 1598 1411 1676 aduerterentchur
1412 1624 1451 1674 eh

284 1701 489 1767 intueantur.
535 1700 675 1766 insonat
708 1698 830 1765 clamor
862 1699 941 1765 hinc
963 1705 998 1766 et
1027 1700 1115 1778 inde,
1148 1700 1252 1786 fitque
1287 1701 1336 1764 di-

285 1803 398 1888 ruptio
420 1823 539 1868 vocum
574 1801 775 1868 laudationis
806 1801 959 1866 Divinae:
994 1801 1067 1868 laus
1106 1806 1218 1868 autern
1256 1803 1336 1888 ipsa,

286 1926 351 1992 quo
384 1905 489 1992 magis
521 1903 732 1990 dirumpitur,
769 1903 875 1990 magis
908 1909 1058 1990 augetur,
1096 1905 1264 1991 rumpitur
1300 1905 1337 1968 in

286 2007 414 2074 canoris
452 2007 598 2084 vocibus,
636 2010 777 2094 augetur
809 2006 846 2070 in
876 2005 985 2093 jubilo
1022 2006 1136 2072 cordis.
1181 2006 1336 2072 Jubilant

286 2131 427 2196 namque
452 2110 524 2176 Deo
546 2131 607 2196 pro
639 2111 756 2197 gratia,
787 2130 886 2195 quam
921 2111 958 2174 in
990 2113 1087 2174 tanta
1120 2109 1337 2175 multitudine

286 2217 470 2279 monstrare
504 2211 541 2276 in
572 2217 668 2299 patre
698 2232 758 2277 suo
791 2211 948 2298 dignatus
971 2217 1040 2292 est;
1062 2233 1122 2298 per
1153 2211 1338 2276 columbam

287 2315 442 2382 videlicet
465 2315 641 2381 ostendens
664 2313 911 2401 simplicitatem
942 2319 977 2380 et
1008 2314 1231 2380 innocentiam
1264 2335 1338 2400 pec-

286 2419 367 2482 toris
390 2417 470 2504 ejus
493 2440 552 2504 per
574 2418 705 2504 igneam
728 2414 914 2504 sphaeram²
936 2417 1069 2482 fervens
1101 2417 1250 2482 studium
1274 2439 1339 2503 quo

287 2520 447 2608 praeditus
481 2524 552 2585 erat
586 2519 623 2584 in
657 2519 833 2586 dilectione
866 2518 931 2584 Dei
962 2525 996 2585 et
1026 2519 1170 2605 proximi
1209 2520 1339 2585 animus

288 2623 367 2709 ejus.
429 2623 568 2688 Interim
613 2621 801 2688 venerabile
838 2643 956 2708 corpus
1000 2622 1143 2688 oratorio
1188 2622 1337 2701 infertur,

289 2730 406 2812 coeptae
428 2725 642 2812 protectionis
664 2724 796 2810 praefati
818 2723 905 2810 ignis
936 2728 1036 2809 atque
1069 2723 1229 2790 columbae
1264 2746 1339 2792 con-

289 2829 476 2894 tinuatione
499 2827 703 2894 comitatum.
763 2827 812 2892 At
833 2827 906 2914 ipso
928 2825 1078 2914 deposito
1101 2847 1209 2893 coram
1232 2826 1339 2904 altari,

288 2931 374 2996 visio
413 2917 487 3016 quse
525 2929 682 3017 apparuit
718 2929 756 2994 in
800 2927 980 2996 australem
1018 2927 1163 2996 ecclesiae
1207 2929 1339 3017 plagam

287 3055 389 3121 prope
424 3033 528 3098 altere
560 3033 708 3111 divertit,
732 3033 827 3120 quasi
858 3033 966 3099 locum
998 3033 1174 3120 designans
1196 3033 1340 3120 corporis

289 3134 479 3222 sepeliendi.
526 3134 599 3216 Quo
633 3133 725 3201 facto
762 3134 966 3200 intuentium
1005 3133 1107 3200 oculis
1139 3133 1256 3200 caelum
1282 3157 1340 3215 ¹rc·

290 3259 403 3304 means
426 3238 537 3324 elapsa
566 3241 624 3302 est

335 3338 519 3409 0110110
556 3339 660 3424 igitur
698 3337 769 3403 obit
755 3342 809 3402 tus
842 3338 913 3424 ejus
945 3337 1199 3426 circumquaque
1233 3339 1340 3427 perla-
1353 3347 1409 3398 The
1420 3346 1486 3414 guel

291 3445 390 3521 bitur,
421 3447 456 3508 et
479 3441 537 3507 illo
562 3441 615 3506 die
652 3462 691 3507 ac
728 3447 825 3508 nocte
859 3441 1080 3554 subsequente
1104 3441 1225 3560 quibus
1249 3464 1270 3508 a
1292 3465 1341 3508 se·
1332 3414 1451 3560 ζξοᾟι,

290 3547 365 3634 pult
365 3567 426 3611 ura
457 3565 575 3632 corpus
597 3544 818 3631 suspenditur,
856 3517 1003 3632 undique
1034 3545 1130 3632 parvi
1161 3567 1200 3611 ac
1229 3546 1343 3633 magni

291 3651 463 3765 utriusque
486 3670 585 3713 sexus
607 3647 758 3713 homines
792 3647 962 3728 advolant,
985 3670 1163 3735 eorumque
1186 3649 1343 3714 clamores

292 3751 442 3836 suspiriis
463 3755 564 3836 atque
587 3749 741 3815 lamentis
763 3750 923 3837 permixti
953 3773 1030 3816 aera
1052 3751 1225 3838 complent.
1272 3751 1343 3816 Hos

293 3853 382 3916 inter
415 3852 562 3918 acerbior
593 3851 691 3917 fletus
729 3852 907 3918 monachos
938 3857 972 3917 et
1002 3853 1117 3939 inopes
1155 3853 1344 3932 cruciabat;

292 3952 360 4032 1100,
385 3954 464 4040 quia
485 3958 660 4040 pastorem,
682 3959 813 4040 patrem
837 3959 871 4019 et
902 3954 1121 4033 advocatum
1148 3954 1230 4031 illos,
1266 3955 1344 4040 quia

294 4079 327 4122 se
350 4057 387 4120 in
409 4077 448 4120 eo
470 4056 652 4142 perdidisse
675 4057 891 4122 adverterant
913 4055 1018 4121 totius
1044 4055 1125 4122 vitae
1149 4056 1342 4136 subsidium,

293 4183 385 4247 spem
408 4166 442 4226 et
465 4161 730 4226 consolationem.
777 4161 834 4224 Fit
856 4161 960 4247 igitur
989 4159 1099 4226 luctus
1122 4162 1270 4226 omnium
1293 4161 1344 4226 in-

294 4263 508 4342 aestimabilis,
533 4267 567 4328 et
589 4263 739 4328 adunate
760 4263 941 4328 multitudo
964 4263 1222 4330 innumerabilis.
1270 4263 1345 4345 Qua

293 4367 535 4443 circumstante,
557 4388 692 4452 seseque
715 4387 814 4453 super
835 4365 977 4430 invicem
1013 4369 1256 4477 comprimente,
1294 4393 1343 4436 00-
1358 4377 1417 4429 Osw
1418 4379 1481 4428 alc’s

293 4469 466 4556 peliuntur
488 4469 700 4536 sacratissimi
723 4468 874 4556 praesulis
896 4472 1055 4536 01100111
1051 4453 1220 4558 praefata
1251 4461 1385 4541 nobi·u
1357 4443 1465 4495 anem

293 4571 428 4638 lissimae
451 4572 599 4658 Virginis
622 4573 702 4650 aede,
725 4572 795 4639 loco
818 4571 974 4638 videlicet
1006 4573 1183 4642 Divinitus
1213 4579 1345 4695 pridem

293 4677 473 4761 designato.
521 4675 600 4741 Post
629 4677 700 4742 haec
742 4676 962 4742 annuntiatur
995 4677 1157 4764 depositio
1191 4681 1262 4765 ejus
1293 4682 1345 4746 his

768 4814 864 4822 -ι---
1280 4819 1340 4825 -..4-

246 4907 252 4914 -
327 4873 334 4906 ¹
353 4873 488 4940 antistitis]
510 4873 642 4940 pontificis,
655 4877 687 4924 A.
817 4874 822 4934 Ι
878 4875 889 4908 1
906 4873 1039 4941 aptarum]
1061 4890 1166 4940 speram,
1178 4879 1212 4927 A.
