3454 5816
495 918 538 966 or
561 917 630 966 rss
653 915 800 966 eunucu
825 915 868 963 or
892 914 996 962 nonu.
1217 894 1281 963 477

273 1105 314 1169 In
337 1127 426 1171 anno
448 1105 615 1171 tricesimo
638 1103 730 1171 labor
749 1104 820 1190 jam
843 1104 968 1180 linitur,

272 1208 315 1272 In
338 1208 427 1274 Petri
450 1207 587 1274 basilica
608 1227 734 1292 eorpus
758 1205 926 1292 sepelitur.

274 1310 440 1377 Successit
461 1308 607 1377 ecolesiae
631 1308 797 1376 Gerardus
819 1307 963 1384 honoris,
1100 1305 1192 1370 xxvi.
1299 1323 1407 1373 Geram.

275 1413 376 1498 Regis
398 1413 464 1478 fuit
486 1413 632 1489 clericus,
655 1411 692 1476 in
713 1411 820 1498 gradu
842 1410 993 1496 pastoris.
1219 1410 1285 1471 250

272 1515 387 1601 Usque
410 1516 549 1581 Romam
573 1513 707 1580 transiit
730 1514 908 1600 dignanter
930 1518 1089 1598 receptus

274 1619 319 1682 Et
341 1639 362 1684 a
384 1639 471 1704 papa
492 1617 632 1704 pallium
654 1637 734 1682 mox
755 1615 822 1681 fuit
843 1615 993 1702 adeptus.

279 1719 387 1784 Multa
410 1719 593 1785 necessaria
615 1717 681 1784 sibi
703 1718 905 1804 procuravit,

274 1822 386 1908 Atque
408 1821 585 1908 privilegia
607 1841 718 1888 secum
741 1820 933 1906 reportavit.

277 1924 343 1989 Hic
365 1923 488 1990 multas
512 1923 663 1991 ecclesias
685 1924 726 1988 de
749 1944 825 2010 rege
849 1921 1012 2008 quaesivit,
1218 1921 1281 1982 255

278 2027 371 2107 Quas
393 2027 484 2093 Petri
507 2027 651 2093 basilicae
674 2026 767 2092 firme
790 2025 1018 2092 communivit.

278 2129 323 2192 Et
345 2135 522 2214 postquam
546 2129 756 2214 septennium
779 2148 865 2200 curae
887 2126 1094 2202 terminatur,

276 2231 378 2318 Apud
402 2231 596 2298 Sowthwell
620 2231 713 2308 obiit,
736 2231 773 2294 in
795 2229 909 2296 Yorke
933 2229 1127 2294 tumulatur.

276 2331 415 2400 Scandit
437 2333 579 2400 Thomas
602 2333 792 2400 cathedram
815 2353 895 2398 voce
913 2331 1064 2417 junioris,
1089 2331 1193 2395 xxvii.
1297 2327 1452 2380 Thomasu.

277 2435 389 2521 Nepos
411 2435 477 2501 fuit
499 2434 622 2501 nobilis
644 2433 781 2500 Thomce
803 2433 951 2511 senioris,
1220 2433 1285 2496 200

276 2537 440 2605 Beverlak
463 2537 667 2625 praepositus,
690 2535 879 2622 capellanus
901 2536 996 2622 regis,

277 2640 343 2706 Hic
365 2641 453 2706 rexit
475 2639 647 2707 ecclesiam
669 2659 786 2705 norma
808 2639 872 2706 Dei
895 2639 985 2725 legis.

279 2741 320 2805 In
343 2742 474 2807 Hexam
497 2741 669 2808 canonicos
691 2740 788 2826 ponit
809 2739 983 2826 regulares

279 2843 347 2910 Ubi
370 2844 462 2929 prius
484 2843 640 2909 vixerant
662 2841 728 2907 viri
750 2841 928 2908 auriculares

280 2945 325 3010 Et
346 2945 470 3032 recepit
492 2945 630 3031 pallium
654 2943 708 3010 hio
731 2965 752 3010 a
774 2943 942 3022 cardinali,
1220 2946 1283 3006 265

282 3047 348 3127 Qui
371 3047 414 3112 ed
436 3045 563 3132 Anglos
585 3045 734 3110 mittitur
758 3045 798 3110 de
817 3045 913 3130 jussu
936 3044 1057 3130 papali.

280 3149 314 3213 Is
337 3153 412 3234 post
435 3169 561 3213 annum
583 3147 763 3233 septimum
786 3146 877 3232 apud
900 3146 1127 3224 Beverlaoum‚

278 3251 375 3316 Diem
399 3250 518 3316 clausit
541 3249 705 3325 ultimum,
728 3248 833 3314 fertur
857 3247 1048 3317 Eboracum.

280 3351 478 3439 Capelianus
500 3351 611 3438 regius
634 3349 834 3416 Thurstinns
857 3351 990 3427 electus,
1079 3351 1196 3418 xxviii.
1299 3343 1429 3392 Thornia.

278 3455 332 3519 Ad
354 3455 484 3521 culmen
499 3453 668 3540 regiminis
691 3454 845 3520 suecessit
860 3459 996 3531 erectus,
1221 3453 1286 3522 270

279 3557 396 3622 Multis
418 3555 656 3622 obsistentibus
678 3557 825 3620 nondum
848 3562 1064 3636 consecratur,

280 3661 367 3740 Quia
390 3659 579 3724 Cantuariee
601 3677 669 3723 non
692 3657 894 3743 profiteatur.

282 3760 363 3836 Rex,
387 3757 660 3843 archiepiscopus,
685 3757 809 3842 primas
832 3759 930 3824 dictae
953 3759 1047 3837 sedis,

281 3863 396 3929 Olerus
418 3883 494 3927 oum
515 3859 695 3924 baronibus
718 3859 848 3926 demnis
870 3866 997 3927 verrant
1019 3861 1106 3927 cedis.

280 3964 381 4050 Apud
404 3961 624 4027 Sarisburiam
647 3961 936 4046 cogimurefutare
1222 3963 1284 4030 275

281 4064 485 4132 Pastoralam
508 4063 671 4140 baculum,
694 4062 793 4128 simul
817 4063 959 4130 exulare.

279 4168 333 4232 Ab
356 4164 539 4252 Anglorum
561 4163 684 4229 finibus
705 4169 806 4252 atque
828 4165 859 4228 N
864 4167 1043 4232 ormenniae

282 4268 399 4334 Exulit
422 4267 572 4352 egregius
594 4266 666 4331 sine
690 4265 773 4334 duce
795 4267 882 4346 viae;

281 4372 395 4456 Usque
418 4368 556 4434 Romam
578 4367 729 4455 graditur
751 4389 846 4454 papae
869 4374 1104 4454 praesentatus;

280 4473 425 4539 Tandem
451 4492 598 4536 summus
620 4469 774 4558 pontifex
796 4471 848 4536 sui
871 4471 1053 4550 miseratus,
1221 4477 1285 4540 280

282 4575 345 4639 Pro
368 4595 406 4638 eo
429 4572 629 4638 sententiam
652 4573 707 4657 pie
730 4572 962 4658 promulgavit,

282 4677 449 4742 Pastorem
472 4695 548 4741 cum
571 4674 672 4759 pallio
695 4675 804 4759 ipsum
827 4676 1040 4742 consecravit.
