3606 5798
384 875 450 940 238
585 885 717 938 nrrrrn
738 885 836 938 rnou
860 881 1086 938 rncnrlsnor
1108 885 1228 938 suurn

383 1073 447 1140 mis
483 1094 545 1142 nec
579 1075 883 1162 quadragentorum
916 1091 1081 1140 annorum
1115 1073 1241 1160 poterit
1271 1071 1451 1158 quicquam

384 1176 589 1244 diuturnitas
617 1177 818 1258 subvenire;
840 1174 1014 1242 fatendum
1035 1174 1135 1262 plane
1169 1179 1221 1242 est
1242 1175 1335 1260 quia,
1348 1175 1451 1260 juxta

383 1277 591 1366 Prophetam,
604 1277 883 1366 pertransierunt
904 1276 1017 1356 multi,
1033 1281 1069 1343 et
1086 1297 1249 1343 novorum
1264 1275 1448 1344 Eboracen-
1461 1289 1552 1346 Ieron.
1563 1299 1607 1350 aa.

385 1379 472 1446 sium
493 1380 672 1469 multiplex
694 1385 746 1446 est
768 1379 917 1446 scientis.
948 1379 994 1445 'Si
1018 1378 1198 1456 voluerint,
1212 1377 1391 1460 fateantur,
1415 1362 1486 1443 θῦε·

383 1483 574 1562 acclament,
597 1483 677 1570 quia
710 1483 844 1549 illorum
877 1503 1000 1560 sumus,
1033 1480 1114 1567 quia
1150 1480 1287 1548 ecclesia
1321 1481 1447 1548 Cantu-

384 1585 523 1652 ariensis
554 1585 688 1652 illorum
719 1585 930 1672 mancipatur
962 1583 1108 1650 servitio.
1154 1583 1209 1648 Sit
1241 1583 1289 1648 eis
1311 1603 1371 1670 pro
1393 1604 1446 1648 ra-

384 1687 476 1754 tione
499 1692 534 1754 et
556 1688 714 1754 voluntas
737 1693 773 1754 et
801 1686 1026 1774 presumptio,
1048 1686 1103 1751 vel
1126 1685 1251 1763 dicant,
1274 1707 1341 1772 quo
1362 1690 1446 1752 tem-

384 1809 472 1876 pore,
506 1811 572 1876 quo
608 1795 742 1858 auctore
781 1789 917 1856 ecclesie
953 1787 1170 1855 Eboracensis
1207 1787 1295 1855 hanc
1327 1809 1447 1853 manus
1575 1847 1580 1852 .

385 1891 555 1958 dationem
591 1891 746 1970 excussit,
784 1911 886 1978 quam
930 1895 1008 1978 post
1051 1890 1197 1956 Beatum
1235 1887 1446 1955 Theodorum

385 2015 490 2080 usque
512 1993 609 2060 modo
640 1993 776 2060 ecclesia
798 1991 1047 2060 Cantuauiensis
1069 1991 1198 2071 merito,
1220 1989 1390 2070 beneficio,
1413 1997 1448 2056 et

386 2096 543 2182 primatu,
567 2095 717 2162 obtinere
740 2093 930 2182 promeruit.

214 2194 371 2274 Theodorou
433 2195 602 2264 Caeterum
639 2197 775 2263 interim
808 2195 982 2264 videamus
1017 2195 1109 2282 quid,
1148 2195 1240 2262 Bada
1277 2193 1447 2284 referente,

213 2263 512 2382 §gilhlllratus
534 2299 727 2366 reasons
760 2298 848 2365 cua
869 2297 1052 2364 nursam
1086 2302 1121 2363 a
1143 2297 1216 2384 ejus
1238 2296 1448 2384 provinciam

387 2401 500 2488 egerit,
515 2402 597 2488 quid
620 2401 820 2468 Christianae
842 2399 1019 2487 religionis,
1035 2399 1118 2486 quid
1139 2399 1227 2476 fidei,
1242 2398 1324 2485 quid
1346 2397 1445 2465 eccle·

386 2505 527 2572 siasticae
549 2511 585 2570 et
598 2505 764 2571 canonicae
779 2502 1002 2569 institutionis
1016 2502 1141 2568 ibidem
1156 2506 1313 2588 operatus
1335 2501 1449 2590 fuerit,

386 2606 452 2671 nisi
474 2607 559 2673 forte
582 2627 709 2673 cassare
731 2605 839 2671 velint
861 2604 1020 2691 quicquid
1054 2604 1111 2669 illa
1140 2603 1329 2684 ordinavit3
1359 2603 1447 2688 quia,

385 2707 452 2773 illis
485 2707 687 2786 absentibus,
710 2707 813 2774 immo
834 2707 1055 2794 nequicquam
1094 2703 1325 2782 existentibus,
1355 2703 1447 2790 quic-

215 2822 366 2889 Deposition
387 2830 487 2896 quam
510 2811 662 2878 ordinere
684 2809 905 2897 praesumpsit.
951 2807 1062 2894 Igitur
1092 2805 1284 2873 Theodorus
1305 2805 1446 2872 audiens

215 2891 365 2945 ⁰f⁰⁰⁸dd⁸⁴
387 2911 476 2998 quod
499 2911 636 2979 Ceadda
669 2909 884 2976 Eboracensis
916 2908 1098 2994 episcopus,
1121 2905 1355 2972 assistentibus
1377 2927 1445 2972 non

382 3014 553 3082 catholicis
575 3014 745 3102 episcopis,
768 3013 871 3080 fuerit
893 3011 1076 3090 ordinatus,
1100 3011 1257 3096 deposuit
1279 3031 1366 3088 eum,
1388 3011 1446 3076 sed

383 3117 463 3203 quia
484 3117 538 3182 vir
559 3116 641 3182 ritae
664 3114 863 3182 venerabilis
886 3117 921 3178 et
954 3113 1048 3180 mirre
1080 3111 1249 3199 religionis
1281 3116 1361 3190 erat,
1383 3111 1444 3178 ali-

383 3223 508 3305 quanto
538 3225 686 3304 tempore
719 3220 796 3302 post
826 3213 982 3282 canonice
1013 3214 1262 3281 reconciliatum
1295 3213 1445 3301 praesecit

383 3343 460 3388 eum
497 3322 534 3386 in
568 3320 740 3408 provincia
770 3317 1016 3385 Dorobernensi
1048 3315 1203 3394 ecclesia,
1237 3337 1313 3402 quae
1346 3316 1444 3382 modo

383 3421 568 3490 Castrensis
598 3421 803 3508 appellatum
832 3418 1090 3486 administrante
1114 3417 1272 3484 Eboracas
1293 3417 1444 3484 civitatis

383 3524 588 3612 episcopium
610 3523 771 3610 praedicto
792 3522 866 3587 viro
888 3520 1073 3586 venerabili
1099 3519 1266 3597 Wilfrido,
1289 3519 1347 3605 qui
1377 3540 1444 3586 non

384 3627 490 3693 solum
513 3625 728 3692 Eboracensis
749 3625 808 3691 sed
830 3624 934 3690 etiam
966 3622 1116 3690 omnium
1139 3621 1443 3689 Northenhimbro-

385 3751 461 3795 rum
483 3728 655 3815 episcopus
678 3731 758 3793 crat.

217 3836 349 3918 Theodoro
432 3829 518 3896 Cum
540 3835 652 3896 autem
674 3829 763 3895 idem
786 3826 971 3903 Wilfridus,
994 3825 1239 3913 emergentibus
1260 3825 1378 3903 causis,
1400 3824 1445 3891 ab

214 3906 318 4036 fflp:
329 3971 356 4024 in
386 3934 587 4021 episcopatu,
603 3931 740 4018 Egirido
755 3951 832 4016 rego
854 3933 999 4016 cogente,
1019 3948 1078 4015 per
1091 3927 1324 3994 auctoritatem
1338 3927 1444 3992 Theo·

214 4037 353 4117 Noenum
387 4038 460 4103 dori
482 4035 597 4123 pulsus
619 4035 745 4114 fuisset,
767 4034 839 4121 ipse
869 4031 1069 4110 Theodorus,
1092 4030 1208 4097 nolens
1238 4029 1444 4116 provinciam

215 4105 342 4223 bffifffp,
387 4137 748 4206 Northnnhimbrorum
785 4134 1011 4221 episcoporum
1049 4132 1168 4198 solatio
1205 4153 1323 4210 carere,
1361 4132 1444 4198 duos

215 4251 296 4289 ΜΠ·
386 4242 554 4328 episcopos
576 4239 754 4316 ordinavit,
778 4242 813 4302 et
834 4257 940 4301 unum
955 4235 1162 4313 Eboracensi,
1177 4233 1321 4300 alterum
1344 4235 1444 4301 cocle-

385 4344 444 4409 siae
481 4341 742 4407 Liudisfarnensi
775 4337 942 4426 praefecit:
979 4337 1100 4422 quibus
1131 4336 1231 4402 etiam
1258 4341 1444 4422 opportuno

384 4450 533 4532 tempore
554 4449 631 4531 post
652 4444 689 4508 in
710 4442 825 4508 eadem
847 4429 1020 4528 provincia
1041 4439 1121 4505 loeis
1143 4439 1338 4525 opportunis
1361 4438 1444 4504 alios

385 4553 453 4615 tres
486 4547 626 4627 addidit,
649 4551 685 4611 et
718 4566 831 4612 eorum
865 4543 941 4609 aliis
976 4542 1221 4618 decedentibus,
1243 4540 1327 4608 alios
1360 4561 1443 4628 quos

383 4650 520 4718 volebat
542 4647 743 4735 subrogavit.
783 4645 918 4728 Quanta
932 4643 981 4710 ibi
1003 4645 1091 4712 bona
1105 4643 1297 4710 Theodorus
1319 4643 1442 4723 fecerit,

384 4752 515 4840 quoties
553 4749 702 4818 Consilia
739 4747 997 4836 congregaverit,
1035 4751 1118 4833 quot
1152 4745 1353 4814 monasteria
1383 4766 1443 4832 per
