3530 5790
248 1425 274 1472 ls
285 1439 373 1473 conse·

248 1493 338 1539 crated
350 1497 377 1540 at

251 1558 330 1605 Ycrlr.

250 1943 291 1991 He
303 1941 390 1993 makes

250 2025 266 2058 a
277 2009 344 2057 fresh

249 2075 390 2124 ordination

248 2142 278 2190 oi
287 2142 324 2191 St.

249 2207 386 2269 Sepulchra

249 2275 347 2336 chapel,

249 2340 329 2388 Yorlr.

416 918 481 981 404
678 935 783 982 uvas
807 933 854 982 or
877 933 948 980 rna
970 931 1212 982 mensurnas

415 1117 538 1182 electus
561 1119 654 1181 misit
683 1118 726 1183 ad
752 1118 884 1183 curiam
917 1117 1113 1196 Romanam,
1138 1123 1174 1181 et
1205 1117 1363 1181 dominus
1401 1139 1491 1202 papa

418 1217 607 1282 Alexander
630 1219 687 1283 IV.
711 1219 922 1284 confirmavit
955 1219 1027 1303 ejus
1063 1218 1271 1296 electionem,
1294 1227 1339 1296 et,
1375 1224 1415 1282 ut
1450 1220 1487 1282 in

417 1321 552 1386 ecclesia
575 1321 772 1386 Eboracensi
796 1327 1052 1396 consecraretur,
1076 1341 1152 1385 cum
1177 1339 1217 1384 eo
1239 1321 1386 1406 gratiose
1418 1321 1486 1385 dis·

418 1423 579 1507 pensavit
626 1422 846 1488 Consecratus
869 1427 920 1486 est
952 1429 1067 1487 autem
1091 1422 1258 1487 Sewallus
1288 1424 1324 1487 in
1349 1424 1486 1489 ecclesia

419 1525 515 1588 Beati
538 1524 628 1588 Petri
662 1525 802 1589 Eboraci
824 1546 846 1589 a
876 1524 1096 1610 suffraganeis
1132 1545 1217 1609 quos
1250 1525 1485 1602 advocaverat,

419 1627 472 1691 die
497 1626 679 1701 Dominiea,
704 1649 735 1690 x.
763 1626 830 1690 kal
853 1627 1009 1711 Augusti,
1033 1647 1123 1690 anno
1156 1625 1296 1690 Domini
1332 1643 1484 1704 accrvi,

418 1735 454 1792 et
484 1728 539 1803 sic,
561 1727 695 1792 nolente
720 1727 852 1792 volente
887 1749 974 1812 rege,
996 1726 1147 1791 obtinuit
1178 1732 1215 1792 et
1248 1728 1483 1813 pontificatum

418 1835 452 1892 et
474 1829 619 1913 pallium.
713 1871 716 1878 ·

462 1930 528 1994 Hic
565 1936 686 2007 autem,
724 1931 936 1994 considerans
969 1936 1154 2016 proventus
1189 1932 1233 1997 xi
1270 1931 1482 1997 ecclesiarum

418 2033 704 2118 appropriatamm
739 2032 873 2118 capellae
897 2033 1014 2098 Sancti
1048 2032 1224 2118 Sepulchri
1248 2032 1387 2099 Eboraci
1424 2057 1484 2120 per

417 2135 553 2199 celebris
576 2135 741 2199 memoriae
765 2136 931 2220 Rogerum
965 2136 1133 2219 quondam
1158 2136 1399 2200 Eboraoensem
1430 2159 1481 2202 ar-

417 2235 661 2320 chiepiscopum
685 2257 743 2321 pro
770 2237 1014 2302 sustentatione
1048 2237 1154 2322 ipsius
1186 2237 1332 2322 capellae,
1355 2244 1390 2302 et
1423 2239 1481 2303 xii.

417 2338 642 2402 ministrorum
681 2338 984 2414 ecclesiasticorum,
1012 2361 1051 2404 ac
1083 2341 1185 2402 urrius
1224 2341 1373 2406 sacristae
1406 2347 1480 2406 tan-

416 2439 586 2505 tummodo
608 2440 716 2504 eidem
751 2439 884 2524 capellae
915 2441 951 2502 in
974 2439 1110 2503 Divinis
1134 2439 1250 2505 officiis
1275 2441 1406 2527 jugiter
1428 2443 1480 2506 in-

416 2547 612 2628 perpetuum
646 2542 919 2618 ministrantium,
951 2564 972 2606 a
1004 2542 1113 2627 prima
1144 2543 1342 2608 fundatione
1375 2545 1480 2630 ipsius

416 2644 549 2728 capellae
576 2643 807 2728 multipliciter
841 2643 1052 2728 augmentari
1075 2644 1248 2708 ordinavit
1279 2652 1316 2710 et
1348 2649 1479 2722 statuit,

416 2747 456 2810 de
479 2745 614 2811 consilio
637 2745 788 2830 magistri
825 2745 969 2809 Gilberti
1002 2745 1043 2809 de
1066 2745 1180 2822 'l¹iwa‚l
1216 2752 1298 2812 tunc
1331 2749 1478 2814 sacristae

415 2855 450 2913 et
473 2848 618 2914 custodis
640 2849 746 2933 ipsius
769 2849 911 2932 capellae,
935 2848 972 2911 in
995 2869 1198 2932 unaquaque
1219 2850 1498 2933 praedictarum?

414 2950 458 3015 xi.
483 2950 691 3014 ecclesiarum
714 2949 876 3014 uranum
899 2955 1106 3035 perpetuum,
1129 2951 1189 3035 qui
1210 2971 1326 3016 curam
1347 2960 1478 3039 gereret

414 3052 607 3127 animarum,
631 3049 907 3136 portionemque³
929 3050 1147 3116 sufficientem
1179 3052 1373 3138 unicuique¹
1388 3055 1475 3139 ipso·

413 3176 487 3218 rum
502 3155 698 3219 vicariorum
715 3153 755 3217 de
771 3174 810 3219 ea
825 3143 918 3238 cujus
933 3173 1047 3218 curam
1065 3152 1202 3238 gerebat
1219 3153 1364 3232 ecclesia,
1375 3157 1476 3240 juxta

413 3257 631 3323 facultatem⁴
661 3255 816 3341 ejusdem,
842 3277 901 3341 pro
934 3256 986 3319 sui
1011 3256 1255 3321 sustentatione
1280 3258 1476 3342 deputavit3

414 3381 552 3444 quorum
577 3359 867 3444 praesentationem
897 3357 1042 3423 sacristae
1075 3362 1109 3420 et
1131 3358 1201 3421 suis
1234 3359 1475 3425 successoribus

413 3461 599 3536 concedens,
617 3461 871 3537 institutionem,
895 3482 953 3524 seu
976 3459 1237 3536 destitutionem,
1253 3460 1317 3532 sibi
1341 3462 1475 3547 suisque

413 3563 650 3630 successoribus
671 3553 933 3647 'archiepiscopis
961 3560 1248 3626 Eboracensibus⁵
1280 3565 1473 3630 reservavit.

411 3666 542 3731 Statuit
574 3686 704 3749 quoque
735 3669 894 3748 praeterea
928 3668 1053 3728 certam
1083 3663 1231 3748 pecuniae
1262 3665 1473 3750 portionem⁶

414 3768 613 3854 pauperibus
628 3765 836 3852 parochianis
852 3763 1030 3848 cujuslibet
1052 3764 1286 3848 praedictarum
1310 3767 1354 3830 xi.
1372 3767 1472 3832 ecclc-

414 3872 546 3947 siarum,
566 3870 668 3954 juxta
690 3867 945 3953 possibilitateffl
969 3867 1128 3951 cujusque
1155 3867 1308 3946 ecclesiae,
1333 3869 1472 3955 singulis

414 3975 518 4039 annis
533 3995 592 4059 per
614 3971 792 4058 praefatum
825 3970 996 4035 sacristam
1020 3974 1054 4033 et
1076 3991 1276 4035 successores
1311 3993 1388 4036 suos
1420 3974 1471 4036 in-

414 4083 609 4164 perpetuum
626 4073 756 4137 nomine
773 4072 960 4137 elemosinae
977 4071 1249 4137 distribuendam.
1290 4071 1471 4139 Ordinavit

414 4181 548 4265 insuper
570 4182 610 4240 ut
633 4176 859 4260 unusquisque
881 4171 1140 4260 praedictorum⁷
1156 4173 1212 4238 xii.
1232 4174 1472 4252 ministrorum,

414 4305 494 4367 quos
518 4282 557 4344 de
580 4300 667 4342 novo
695 4277 867 4342 canonicos
899 4275 1072 4361 appellari.
1092 4275 1249 4351 decrevit,
1272 4275 1363 4340 horis
1394 4299 1471 4343 noc·

413 4385 521 4448 turnis
555 4381 743 4468 pariterque
776 4378 903 4442 diurnis
942 4378 978 4441 in
1016 4375 1156 4462 praefata
1190 4378 1316 4462 capella
1343 4377 1471 4464 jugiter

448 4561 454 4592 ¹
478 4557 561 4621 Turn]
584 4558 672 4620 Tyrvu,
685 4556 718 4604 Α,
731 4556 760 4603 E.
994 4551 1132 4614 ⁶pecuru'ce
1153 4553 1307 4619 portionem]
1346 4569 1469 4604 summam
1494 4536 1499 4547 '

446 4639 456 4672 ²
472 4635 665 4704 prrnlicturum]
687 4635 802 4697 ipsarum,
815 4633 848 4681 A.
961 4630 1131 4694 pecuniali.

446 4715 457 4748 ³
474 4711 673 4778 portionemque]
687 4708 843 4773 portionem,
855 4707 887 4759 G.
995 4707 1006 4746 ⁷
1022 4709 1214 4775 praedictorum]
1251 4710 1386 4774 dictorum,
1408 4713 1442 4762 Α.
1462 4733 1469 4774 ;

447 4797 456 4828 ⁴
468 4791 636 4859 summm]
653 4789 792 4846 facultates
805 4788 839 4836 A.
848 4786 877 4837 E.
888 4787 916 4837 F.
963 4788 1086 4854 quisquis,
1097 4789 1126 4838 B.
1141 4789 1172 4839 G.

447 4876 457 4908 ⁵
476 4867 693 4933 Eborucensitus]
715 4865 832 4924 Eboraci,
845 4866 877 4917 G.
