3454 5816
428 820 493 891 478
671 837 836 888 ruoruuu
858 840 1033 890 uararcru
1055 841 1253 891 orraoruoua

258 1028 414 1110 Theoxena
471 1022 579 1088 Multa
602 1023 777 1112 privilegia
800 1045 909 1090 secum
932 1025 1122 1102 destinavit,

260 1095 400 1149 ⁰sh¹⁸¹¹s‘'
472 1125 544 1190 Sibi
566 1147 676 1212 regem
699 1126 831 1214 Angliao
853 1127 1088 1194 reconciliavit.

472 1233 516 1296 Et
538 1232 600 1298 sub
622 1231 833 1299 anathemate
857 1235 916 1299 dat
938 1234 1162 1312 monitionem,
1418 1235 1494 1298 285

471 1335 523 1400 Ne
545 1334 616 1399 sedi
640 1334 828 1401 Cantuariae
852 1336 910 1401 dot
931 1335 1171 1422 professionem.

470 1437 514 1502 Et
537 1437 583 1504 sic
605 1437 738 1502 domum
762 1438 870 1518 rediit,
894 1437 954 1504 lita
972 1439 1043 1522 jam
1068 1439 1189 1515 sedata,

469 1539 609 1626 Gregem
631 1540 739 1625 pascit
757 1540 893 1626 jugiter,
915 1561 994 1625 pace
1024 1541 1209 1620 reformata,

469 1641 513 1706 Et
532 1641 632 1726 juxta
656 1641 832 1726 Riponiam
855 1641 975 1707 fundat
996 1642 1196 1721 abbathiam,

468 1743 513 1808 Et
535 1765 648 1809 vocem
671 1743 712 1808 de
735 1743 898 1808 Fontibus
920 1745 1016 1829 ponit
1038 1745 1102 1809 sibi
1125 1745 1224 1831 piam.
1410 1748 1491 1812 290

468 1845 502 1908 Is
524 1867 582 1930 per
605 1866 729 1908 annum
753 1845 874 1910 statuit
895 1849 971 1930 post
995 1851 1135 1910 mortem
1158 1845 1359 1932 praebendari,

470 1947 520 2012 Ut
542 1947 716 2012 defunctus
739 1946 861 2012 habeat
883 1946 948 2011 sibi
971 1947 1168 2012 retinendas.

468 2049 578 2115 Senex
601 2055 713 2136 pastor
735 2049 856 2114 nobilis
879 2049 934 2114 hio
957 2047 1184 2128 Eboraoensia‚

468 2153 522 2217 Ad
546 2153 786 2218 Pontifraotum
809 2151 989 2218 monachus
1011 2153 1116 2238 fitque
1139 2152 1382 2219 Cluniaoonsis:

469 2255 548 2320 Post
570 2277 694 2320 annum
718 2254 910 2320 vicesimum
933 2258 1066 2320 sextum
1089 2255 1272 2340 dignitatis,
1410 2257 1483 2320 295

470 2356 576 2421 Nonis
599 2356 780 2434 Februarii,
803 2357 930 2422 cunctis
949 2357 1021 2442 jam
1044 2357 1181 2443 paratio,

468 2459 531 2522 Die
554 2458 802 2543 quadragesimo
825 2463 1000 2545 postquam
1023 2459 1062 2524 fit
1085 2460 1256 2546 profesoua

467 2561 532 2627 Hie
555 2561 662 2627 carnis
685 2561 882 2627 omnimodae
904 2561 995 2627 viam
1018 2567 1069 2627 est
1091 2564 1262 2648 ingressus.

467 2661 594 2748 Corpus
616 2661 791 2728 honorifice
814 2685 911 2728 auum
934 2669 984 2728 est
1007 2663 1173 2750 sepuitum

468 2765 510 2829 In
532 2766 646 2830 eodem
669 2766 790 2851 oppido
812 2768 855 2831 ad
879 2767 1042 2831 Divinum
1065 2765 1201 2832 cultum.
1404 2770 1477 2832 300

468 2867 528 2932 Est
550 2868 592 2933 ad
616 2868 725 2932 sedem
748 2874 862 2954 postea
885 2867 1070 2932 Willelmus
1093 2869 1224 2946 eleotuS,
1288 2870 1379 2933 xxix.

468 2969 531 3034 Per
553 2991 719 3034 summum
742 2970 932 3055 pontificem
955 2971 1013 3036 sed
1036 2976 1111 3056 post
1134 2975 1184 3036 est
1206 2971 1336 3057 ejectus.

467 3072 560 3137 Turro
581 3071 745 3137 Honrious
768 3073 929 3157 sequitur,
953 3071 1115 3137 Mordack
1138 3073 1311 3152 vocitatua
1335 3095 1414 3138 xxx.

286 3165 303 3198 ¹¹
368 3189 374 3201 ·
467 3174 580 3238 Abbas
602 3174 795 3239 monasterii
819 3173 974 3250 Fontens,
1006 3175 1207 3255 virbeatus,
1336 3227 1339 3235 .

466 3275 599 3341 Diotam
622 3276 751 3346 scandit
773 3275 970 3354 cathedram,
995 3297 1072 3340 mox
1094 3277 1320 3356 intronizatur,
1404 3281 1472 3344 305

465 3377 527 3443 Per
548 3398 669 3464 papam
693 3377 880 3464 Eugenium
904 3377 1026 3463 praesul
1048 3385 1265 3446 consecratur.

466 3479 631 3546 Reversus
654 3480 691 3544 in
713 3479 872 3566 Angliam
895 3501 973 3567 rege
997 3480 1203 3560 molestatur,

464 3583 583 3648 Passus
606 3588 657 3648 est
678 3581 826 3668 injuria-a,
850 3603 908 3668 per
930 3583 1017 3648 cives
1040 3589 1189 3650 vexatur.

465 3685 605 3752 Carnem
627 3684 822 3750 mirabiliter
844 3705 938 3749 suam
961 3683 1137 3770 affligebat,

465 3787 614 3854 Cilicinis
630 3787 778 3852 vestibus
800 3787 907 3872 ipsam
930 3786 1101 3851 induebat.

464 3891 533 3955 Dat
555 3889 743 3974 exemplum
767 3888 889 3974 populo
912 3887 1178 3966 conversationia,

464 3991 532 4056 Piae
554 3990 664 4056 verbis
687 3991 825 4055 iustruit
848 3989 1097 4056 exhortationis.

463 4095 561 4159 Anno
584 4115 668 4160 ourae
691 4094 831 4178 septimo
853 4093 889 4157 in
913 4093 1120 4159 Sheroburne
1144 4093 1327 4171 defunotua,

464 4195 603 4261 Eboraci
625 4195 761 4281 ponitur
784 4195 910 4259 virtuto
934 4200 1122 4280 perunctus,

464 4298 663 4384 Postquam
686 4297 774 4382 oepit
795 4297 942 4382 regimen
965 4295 1149 4362 Willelmus
1172 4298 1339 4382 praefatua
1402 4303 1466 4366 315

465 4401 597 4466 Electus
620 4421 641 4466 a
663 4399 820 4465 fratribus
845 4400 958 4465 Romae
981 4401 1215 4480 confirmatus;

464 4502 544 4566 Mox
566 4502 775 4567 commissum
796 4500 956 4588 populum
979 4505 1091 4586 pastor
1113 4503 1273 4580 visitavit,

463 4602 646 4670 Eboracum
669 4603 804 4670 veniens
826 4602 912 4670 hano
933 4601 1125 4684 laetificavit,
