3606 5798
398 849 465 916 250
561 823 565 833 ’
599 863 731 916 unsrun
754 864 850 916 mou
872 863 1096 916 snonnrsnor
1117 864 1233 916 nsnrn

392 1048 557 1135 judicium
580 1048 683 1115 donee
717 1049 925 1127 investiatur,
956 1049 1044 1116 unde
1078 1049 1150 1118 sine
1176 1049 1305 1136 judicio
1335 1071 1451 1138 pessus

397 1155 449 1216 est
469 1150 612 1237 spoliari
661 1149 736 1231 Qus
766 1150 804 1216 in
834 1173 871 1218 re
904 1171 965 1218 neu
996 1152 1080 1220 sueri
1112 1171 1254 1231 oenones
1276 1153 1450 1219 dissentire

397 1255 561 1334 videntur,
584 1255 643 1341 qui
665 1256 831 1322 etiamad
854 1256 1007 1322 veritatis
1039 1255 1272 1324 diffinitionem
1310 1259 1451 1346 triginta
1583 1317 1596 1328 .

396 1358 452 1423 vel
474 1357 695 1444 quadrngints
715 1379 878 1424 annorum
908 1357 1142 1426 investituram
1172 1359 1209 1425 in
1230 1359 1328 1426 rebus
1351 1361 1450 1427 eecle-

396 1460 538 1527 siastieis
560 1461 643 1526 setis
678 1482 747 1527 esse
770 1465 945 1528 testentur.
993 1462 1039 1528 llt
1070 1461 1151 1548 quid
1184 1463 1226 1529 de
1259 1463 1450 1530 hominibus

392 1561 519 1647 jootsre
556 1583 722 1640 conamur,
759 1583 835 1630 eum
872 1563 962 1630 inter
1006 1563 1116 1630 Deum
1161 1569 1197 1630 et
1241 1565 1450 1632 ecelesiarum

396 1669 577 1750 potestates
599 1665 665 1730 iste
687 1664 732 1732 sit
754 1665 925 1744 hebitudo,
948 1671 989 1732 ut
1010 1667 1169 1754 quiequid
1191 1687 1304 1733 esrum
1323 1667 1450 1754 judieio

397 1767 433 1830 in
456 1767 547 1832 euris
568 1767 736 1854 religionis
759 1767 985 1845 eoelesiestiose
1007 1769 1109 1835 fuerit
1130 1769 1284 1847 solutum,
1307 1770 1345 1835 in
1370 1770 1450 1836 eaelo

397 1868 543 1934 solutum
582 1870 744 1949 credetur,
782 1873 817 1936 et
855 1869 944 1958 quod
981 1869 1037 1937 hie
1073 1871 1178 1938 fuerit
1214 1871 1364 1958 ligatum,
1401 1871 1449 1937 ibi

397 1970 498 2036 etiem
520 1969 660 2058 ligatum
684 1977 845 2038 tenentur.

441 2097 543 2168 Nihil,
560 2119 636 2185 ergo
671 2098 846 2186 indignum
881 2097 1086 2166 excellentius
1120 2104 1241 2166 vestras
1263 2099 1292 2165 si
1314 2099 1450 2167 ecclesio

396 2201 654 2278 Cuntuoriensis,
671 2224 755 2289 quae,
777 2203 864 2270 siout
886 2207 1004 2268 notum
1020 2207 1079 2280 eet,
1103 2204 1145 2268 de
1166 2204 1292 2290 pietate
1306 2203 1448 2292 Aposto-

394 2305 467 2371 lioae
489 2305 575 2370 sedis
597 2303 676 2370 fidei
707 2304 895 2392 primordio,
918 2304 1010 2370 luere
1032 2303 1180 2386 virtutis,
1210 2311 1247 2371 et
1278 2303 1448 2392 religionis

394 2407 521 2494 neeepit
554 2406 767 2485 incremento,
789 2407 826 2471 in
849 2407 1042 2474 Christiano
1063 2406 1129 2472 fide
1161 2411 1327 2473 mereatur
1360 2408 1450 2474 intra

395 2509 521 2575 eur-iem
554 2508 733 2595 provineiae
765 2530 834 2574 suee
868 2508 1027 2586 obtinere,
1050 2508 1139 2594 quod
1173 2513 1268 2574 tento
1302 2514 1449 2596 tempore

293 2603 296 2610 ’
395 2611 669 2698 predecessorum
707 2615 897 2676 nostrorum
935 2610 1087 2696 legitime
1123 2609 1299 2676 voluntate
1336 2611 1449 2698 potuit

394 2712 558 2792 habuisse,
596 2733 703 2797 neque
748 2712 902 2778 dominus
948 2711 1164 2779 Eboroeensis
1209 2732 1291 2798 puee
1336 2717 1448 2780 vestre

395 2815 588 2904 indignetur
621 2814 756 2880 reddere
787 2819 910 2882 sunotae
933 2813 1169 2882 Centueriensi
1192 2815 1336 2882 eoelesiee
1359 2815 1448 2904 quod

394 2919 438 2984 eb
459 2915 719 2983 antecessoribus
741 2916 811 2984 suis
843 2916 1013 2984 redditum
1035 2921 1095 2996 est,
1128 2917 1303 2982 humiliter
1336 2917 1447 2984 inten-

394 3021 484 3096 dens,
508 3017 600 3084 etin
623 3022 734 3084 mente
756 3039 832 3084 oum
855 3017 1020 3105 Propheta
1042 3019 1091 3085 its
1121 3017 1312 3084 revolvens:
1334 3017 1551 3106 Nequeonsg.

394 3120 516 3188 molior
537 3141 616 3187 susm
638 3141 745 3212 quom
773 3126 888 3207 putres
910 3121 987 3188 med
1034 3121 1288 3206 Memineritque
1319 3106 1551 3208 sapien-¹³¹³·

396 3230 456 3302 ter,
480 3223 559 3308 quio
582 3223 741 3290 discernit
764 3221 919 3300 Christus
942 3243 1035 3310 reges
1057 3244 1158 3310 super
1179 3221 1372 3301 columbum,
1395 3229 1447 3290 et:

393 3324 595 3392 moledr'etus
625 3323 738 3392 eneis
770 3324 833 3411 qut
860 3323 952 3412 furit
982 3346 1066 3412 opus
1100 3323 1165 3391 Dei
1189 3323 1554 3410 fraudulentorum.

395 3427 576 3514 Sepiutque
608 3447 748 3512 quorum
782 3431 883 3512 eaput
916 3431 975 3504 est,
999 3425 1057 3512 qui
1080 3425 1169 3492 dixit
1191 3426 1228 3490 in
1250 3426 1346 3492 eorde
1368 3411 1537 3494 suoz¹¹lffL
1550 3417 1588 3463 ¹⁰·
1712 3439 1719 3452 '

395 3529 588 3597 Asoeudurn
608 3548 711 3614 super
732 3525 956 3608 altitudinem
986 3525 1146 3609 numeru,
1179 3534 1210 3594 et
1240 3525 1370 3596 suedo
1391 3549 1446 3595 oro
1460 3548 1619 3613 nsaimxiv.

397 3629 585 3699 Alttssr'smo.
632 3630 767 3696 Nullius
789 3651 858 3698 rem
881 3628 1140 3716 eoncupiseimus
1161 3635 1223 3696 out
1236 3629 1425 3699 invedir'nus
1438 3654 1446 3712 ;
1460 3619 1498 3670 ¹⁴·

275 3815 281 3830 ι
397 3734 555 3802 terminos
586 3754 668 3819 quos
699 3737 881 3819 posuerunt
917 3738 1027 3820 potres
1065 3731 1171 3798 nostri
1205 3731 1298 3818 juste
1329 3731 1447 3805 ¹vindi·

397 3858 527 3916 cemus3
549 3855 667 3902 munus
688 3833 867 3916 dationem,
889 3833 1136 3920 subjectionem,
1158 3838 1193 3900 et
1214 3833 1447 3920 professionem

396 3937 610 4006 Ebomoensis
654 3935 798 4004 eeolesiae
843 3957 972 4023 semper
1016 3935 1153 4003 eeclesia
1198 3934 1447 4004 Osntuuriensis

393 4039 564 4122 obtinuit3
596 4039 685 4105 idem
717 4037 924 4124 requirimus,
957 4038 1037 4124 quio
1068 4038 1118 4103 ite
1149 4037 1343 4104 investitum
1374 4060 1447 4126 rep-

392 4144 544 4232 perimus.

437 4269 597 4352 Quociroo
633 4267 758 4334 viderit
796 4271 919 4334 sanem
956 4265 1043 4331 sedis
1081 4265 1280 4352 Apostolioue
1318 4287 1448 4334 summu

389 4373 533 4460 justitio,
569 4371 604 4436 si·
643 4370 777 4458 spoliari
815 4370 915 4436 debet
958 4391 1017 4456 per
1062 4369 1303 4455 surreptionem
1347 4369 1447 4438 unius

392 4475 536 4541 hominis
559 4473 647 4558 quod
680 4472 793 4558 potuit
825 4470 940 4537 heberi
973 4491 1032 4557 per
1062 4470 1209 4558 spatium
1240 4471 1328 4537 tenti
1361 4476 1445 4538 tem-

392 4577 490 4665 poris.
551 4575 752 4640 Mementote
786 4574 885 4659 quod,
916 4594 997 4659 poue
1027 4579 1148 4649 vestre,
1180 4573 1332 4652 dixerim,
1361 4573 1442 4662 quid

393 4677 572 4766 Apostolus
603 4677 712 4741 diest:
743 4675 873 4755 Petrus,
901 4675 1024 4760 inquit,
1058 4675 1163 4742 uetito
1189 4697 1371 4762 prouocare
1392 4677 1573 4764 auur-o

391 4779 618 4850 iracundiam
633 4777 731 4865 filios
752 4785 891 4845 uestros:
915 4783 949 4844 et
971 4783 1106 4865 propter
1128 4778 1246 4856 Deum,
1268 4779 1439 4866 providete
1454 4750 1616 4817 uphem.
