3538 5800
665 897 825 948 lucrosa
848 897 1022 948 manusc.
1315 885 1357 948 29

304 1079 462 1161 insonuit,
484 1087 619 1170 stupore
642 1082 814 1161 attonitus,
837 1105 916 1148 mox
939 1081 1018 1148 illuc
1032 1081 1159 1146 lumina
1181 1081 1296 1158 flexit3
1322 1085 1356 1145 et

305 1183 422 1248 videns
445 1183 531 1250 filios
553 1205 630 1249 suos
664 1185 700 1248 in
732 1185 849 1250 mortis
880 1183 1025 1270 periculo
1060 1183 1193 1269 positos,
1224 1204 1280 1248 cor
1312 1183 1355 1247 ad

305 1283 424 1362 Deum,
455 1286 606 1351 dextram
641 1286 787 1350 tetendit
819 1287 863 1350 ad
894 1285 977 1350 illos.
1024 1284 1097 1364 Quo
1128 1285 1222 1370 signo
1246 1285 1353 1348 beatae

305 1387 411 1452 crucis
426 1388 525 1466 edito,
547 1387 635 1452 illioo
649 1387 747 1452 navis
761 1387 804 1452 ab
826 1409 987 1472 aquarum
1008 1387 1234 1472 profunditate
1250 1407 1355 1452 emer·

304 1509 392 1574 gens,
417 1490 512 1576 quasi
534 1488 620 1554 nihil
650 1490 757 1554 oneris
791 1489 900 1565 ferret,
923 1490 959 1554 in
993 1490 1184 1554 ulteriorem
1208 1489 1357 1553 fluminis

305 1590 412 1676 ripam
434 1591 653 1678 prosperrimo
676 1590 771 1676 lapsu
805 1613 881 1656 cum
911 1591 1064 1656 omnibus
1096 1613 1171 1677 quae
1202 1591 1359 1677 portabat

305 1699 421 1760 evecta
443 1699 501 1760 ost.
549 1694 671 1780 Magno
693 1693 806 1758 timori
828 1693 988 1759 securitas
1003 1715 1125 1780 magna
1148 1694 1305 1772 succedit,
1320 1715 1359 1760 ac

306 1816 423 1882 prore
457 1817 531 1882 quae
553 1797 724 1873 acciderat,
747 1795 818 1860 Dei.
842 1795 915 1860 laus
946 1817 989 1859 ex
1023 1796 1119 1862 corde
1153 1797 1301 1862 omnium
1325 1801 1359 1860 et

306 1917 361 1964 ore
390 1899 546 1985 procedit.
603 1899 691 1964 Dein
721 1898 893 1983 aliquanto
914 1903 1062 1984 tempore
1095 1897 1152 1978 ibi,
1184 1903 1225 1963 ut
1258 1919 1358 1964 sacrae

306 2001 552 2066 consuetudinis
575 2006 655 2078 erat,
678 2001 767 2066 inter
789 1999 967 2066 monachos
990 2001 1120 2086 degens,
1144 1999 1358 2066 aedificationi

307 2103 386 2167 vita
408 2103 542 2169 illorum
564 2103 680 2168 diebus
703 2123 742 2169 ao
763 2103 915 2168 noctibus
937 2103 1141 2168 intendebat

352 2217 403 2280 24.
427 2215 472 2281 Et
494 2221 587 2282 ecce!
609 2209 749 2280 nuntiris
772 2214 909 2300 quidam
931 2236 952 2280 a
975 2214 1144 2280 monachis
1168 2215 1358 2280 Eliensibus
1371 2222 1531 2274 Amonkof

306 2315 449 2384 directus
472 2317 662 2396 adveniens,
685 2317 833 2382 innotuit
856 2339 962 2382 unum
985 2317 1116 2382 axillis
1141 2318 1182 2383 de
1216 2319 1359 2384 maceria
1372 2289 1494 2407 {mlle}

306 2420 457 2485 ecolesiae'
486 2420 730 2506 praecipitatum
763 2419 875 2485 subita
906 2423 1012 2484 morte
1046 2421 1242 2486 occubuisse.
1304 2421 1358 2485 Ad
1373 2422 1477 2504 cheren,

307 2520 416 2606 quod¹
442 2522 615 2587 Oswaldus
639 2521 829 2586 vehementi
851 2543 991 2586 moerore
1019 2509 1173 2607 dejectus,
1205 2524 1359 2605 (noverat
1372 2491 1459 2606 {iffi

306 2625 394 2688 enim
416 2623 584 2689 hominem
617 2645 685 2689 non
719 2645 956 2709 usquequaque
986 2623 1092 2688 vitam
1125 2625 1258 2689 duxisse
1287 2625 1360 2690 feli-

306 2729 399 2813 cem,)
423 2727 595 2792 confestim
618 2726 708 2811 quod
730 2725 847 2791 debuit
884 2725 1026 2791 officium
1050 2726 1081 2791 ei
1115 2727 1263 2792 caritatis
1297 2727 1359 2792 im-

307 2830 432 2914 pendit.
486 2830 621 2895 Etenim
661 2828 831 2896 monaohis
870 2829 933 2893 sub
978 2849 1045 2893 uno
1079 2830 1206 2895 vocatis
1242 2831 1361 2916 pandit

307 2937 464 2997 eventum
496 2931 553 3009 rei,
588 2929 819 3018 subjungendo
858 2952 969 3017 preces
1000 2931 1121 3016 quibus
1153 2931 1360 2998 exhortando

306 3037 439 3118 perorat
453 3033 611 3118 quatinus
634 3053 694 3118 pro
716 3032 829 3096 anima
850 3032 999 3097 defuncti
1023 3031 1204 3096 Dominum
1234 3033 1360 3099 studio-

307 3135 375 3199 sius
407 3140 510 3200 orent.
557 3135 682 3199 Parent
715 3133 767 3198 illi
802 3135 939 3198 monitis
970 3133 1051 3219 ejus,
1085 3141 1119 3208 ct
1153 3155 1212 3220 pro
1236 3139 1361 3200 aeterna
1374 3145 1480 3196 Osvald

307 3237 414 3302 susce
448 3237 561 3302 saus
584 3237 716 3302 instant
738 3237 872 3323 vegius,
896 3237 1025 3302 insane
1056 3237 1200 3322 psalma,
1232 3238 1362 3303 insane
1375 3213 1492 3328 ἓξὲξ,

307 3338 486 3426 lachrymis
500 3365 507 3420 ;
523 3339 693 3426 pulsantes
708 3337 751 3403 ad
762 3338 902 3423 januam
917 3339 1149 3404 misericordiae
1164 3339 1280 3404 mundi
1297 3340 1361 3404 Re·
1375 3359 1437 3422 rm
1449 3343 1489 3394 ror

307 3441 495 3528 demptoris.
542 3441 649 3527 Super
671 3441 742 3506 haec
765 3461 895 3526 quoque
918 3441 1058 3526 singulis
1086 3441 1202 3506 diebus
1225 3442 1363 3507 offertur
1374 3411 1435 3462 him.

306 3565 366 3630 pro
397 3565 435 3608 eo
461 3544 496 3608 id
528 3542 617 3628 quod
639 3541 692 3606 his
724 3543 877 3607 omnibus
911 3541 1088 3620 antecellit,
1121 3543 1206 3609 illud
1237 3545 1363 3612 scilicet

308 3645 503 3711 sacrificium
518 3645 635 3720 laudis,
659 3645 748 3728 quod
772 3645 808 3708 in
830 3666 888 3709 ara
911 3645 1016 3710 mucis
1038 3643 1143 3710 Filius
1159 3645 1223 3712 Dei
1239 3648 1363 3712 obtulit

308 3746 400 3812 Patri
416 3747 484 3812 Suo
498 3767 558 3833 pro
572 3744 675 3810 nobis.
723 3743 806 3824 Quae
821 3747 901 3809 dum
924 3745 1019 3824 fiunt,
1035 3768 1103 3812 una
1117 3749 1264 3813 noctium
1280 3771 1363 3836 pon·

307 3849 390 3914 tifici
412 3849 449 3912 in
464 3849 611 3914 oratione
634 3847 768 3912 Christo
790 3847 880 3933 apud
896 3847 1077 3913 Eboracam
1092 3849 1290 3928 intendenti,
1307 3851 1362 3916 dc·

307 3951 441 4017 functus
452 3951 539 4016 idem
555 3949 917 4036 visibiliterapparuit;
933 3971 953 4014 a
969 3971 1034 4033 quo
1044 3955 1276 4034 percunctatus
1288 3954 1362 4036 quis

309 4060 402 4130 esset,
425 4053 519 4117 illum
542 4075 576 4117 se
599 4073 659 4136 pro
682 4074 747 4136 quo
771 4057 805 4115 et
828 4052 898 4136 ipse
913 4071 971 4135 per
986 4072 1020 4114 se
1045 4049 1152 4114 etalii
1168 4073 1226 4135 per
1252 4052 1361 4137 ipsum

308 4155 415 4220 Deum
438 4153 696 4239 interpellabant
718 4175 787 4218 esse
810 4152 987 4237 respondit.
1033 4151 1081 4216 At
1104 4151 1159 4216 ille
1175 4155 1360 4239 suspirans:

310 4265 326 4290 '‘
350 4254 527 4335 Qualiter,”
550 4255 670 4340 inquit,
694 4253 831 4325 “frates
855 4253 918 4317 tibi
940 4253 1014 4332 fuit,
1030 4254 1084 4318 vel
1107 4255 1250 4339 qualiter
1273 4277 1361 4323 nunc

310 4365 326 4392 “
350 4363 400 4421 est
413 4361 424 4420 2
437 4356 453 4380 ''
487 4365 504 4390 “
517 4355 715 4432 Hactenus‚”
749 4355 807 4432 ait,
843 4354 967 4419 “valde
1001 4355 1096 4432 male,
1127 4377 1216 4422 nunc
1247 4363 1360 4423 autem
1374 4357 1518 4410 uuemonk

309 4467 326 4494 “
349 4459 446 4524 valde
469 4459 561 4524 bene.
607 4458 688 4522 Tuis
712 4459 834 4544 quippe
856 4458 985 4522 meritis
1008 4464 1042 4523 et
1065 4459 1216 4544 precibus
1238 4483 1259 4526 a
1290 4485 1360 4548 poe-
1374 4436 1519 4553 {imm

310 4569 326 4597 “
350 4561 402 4627 nis
425 4560 547 4648 quibus
570 4559 741 4628 cruciabar
763 4582 821 4646 per
843 4561 998 4647 angelum
1015 4560 1120 4626 Suum
1142 4585 1195 4627 me
1219 4563 1271 4629 die
1286 4563 1359 4629 hes·
1374 4559 1495 4624 mosny·

316 4726 359 4732 --
374 4725 388 4733 ,,
764 4721 798 4728 0-
1070 4721 1186 4728 Ἰ--.-,-..-.--.
1195 4723 1356 4734 -..--—„-.

669 4805 677 4838 ¹
694 4805 770 4872 quod]
791 4807 894 4868 Beatus,
904 4807 950 4856 ina.
962 4806 995 4859 B.
