3454 5816
450 853 513 920 476
689 865 853 914 1110111111
876 864 1051 914 1111111011
1074 865 1271 914 0111011011

279 1025 435 1144 gvm'ffl
493 1052 558 1117 Hic
583 1051 785 1116 Willelmum
812 1051 955 1116 nobilem
981 1051 1097 1116 ducem
1125 1051 1398 1124 Normanorum,

280 1159 410 1222 hisspn
348 1177 418 1210 uene
492 1153 603 1218 Unxit
626 1175 735 1239 regem
762 1153 901 1237 Angliaa
928 1173 1007 1218 voce
1031 1153 1265 1230 Cronicorum3
1467 1147 1539 1208 220

494 1255 537 1318 Et
564 1255 739 1320 Matildam
765 1254 938 1340 conjugem
966 1254 1115 1341 reginam
1137 1253 1288 1332 sacravit,

492 1356 678 1442 Utrumque
704 1357 883 1422 Londoniis
914 1357 1013 1442 digne
1040 1357 1219 1422 coronavit

492 1457 597 1538 Quem
624 1457 827 1524 Willelmum
852 1463 966 1544 postca
992 1477 1100 1524 coram
1124 1480 1159 1522 so
1185 1463 1418 1542 prostratum,

492 1559 555 1625 Pro
584 1559 708 1628 offensa
739 1559 885 1644 corripit,
909 1559 1000 1626 levat
1024 1560 1244 1628 emendatum.

491 1662 619 1726 Terras'
633 1662 702 1726 suis
728 1661 915 1746 sumptibus
938 1660 1060 1726 multas
1083 1661 1138 1728 hic
1164 1662 1302 1739 emebat,
1455 1661 1531 1724 225

492 1764 536 1828 Et
562 1764 629 1828 suis
660 1763 802 1830 ecclesiis
828 1763 928 1848 digne
953 1763 1132 1830 dividebat

492 1866 605 1931 Unum
630 1865 839 1930 refectorium
866 1865 902 1928 in
932 1863 1045 1930 Yorke
1072 1863 1252 1944 statuebat,

491 1969 535 2033 Et
559 1969 594 2032 in
622 1966 805 2033 Seuthwell
829 1967 970 2032 alterum
996 1966 1085 2032 idem
1111 1966 1260 2034 faciebat.

491 2070 557 2136 Hic
578 2069 842 2154 archiepiscopus
865 2067 987 2152 dignus
1011 2066 1151 2138 Eboraci

490 2171 590 2236 Plura
612 2171 680 2234 suis
703 2169 891 2256 sumptibus
914 2169 994 2236 fecit
1017 2169 1195 2238 Beverlaci.
1434 2167 1513 2234 230

491 2273 556 2338 Hic
581 2272 746 2336 Aldredus
773 2271 911 2336 ultimus
937 2271 1057 2357 praesul
1083 2271 1123 2337 fit
1152 2272 1344 2358 Auglorum,

491 2375 578 2438 Nam
606 2379 680 2460 post
707 2373 815 2458 ipsum
840 2373 989 2458 sequitur
1012 2395 1115 2459 genus
1140 2372 1424 2442 Normannorum.

493 2477 593 2540 Anno
620 2480 716 2540 sexto
743 2473 869 2540 decimo
896 2474 937 2540 de
965 2475 1089 2540 mundo
1116 2476 1258 2553 recessit,

492 2577 631 2643 Eboraci
661 2576 791 2640 tumulo
814 2575 886 2660 jam
913 2597 1030 2662 corpus
1057 2577 1204 2661 quiescit.

278 2738 396 2790 Theron
490 2729 603 2846 Finita
625 2729 826 2848 successione
850 2727 1043 2814 pontificum
1067 2731 1134 2814 qui,
1151 2731 1192 2796 de
1214 2729 1349 2795 natione
1372 2729 1455 2814 An
1433 2725 1512 2790 olo·

1681 2860 1684 2909 1

277 2941 347 2999 enus,
359 2940 402 2990 the
445 2934 567 3020 Angli
549 2954 666 2998 cenam
717 2933 824 2997 beatae
858 2933 1026 2998 memoriae
1088 2934 1263 3018 praefatum
1311 2838 1503 2996 Aldiedurn

276 2873 390 3133 ἔρξῃ
444 3035 642 3101 Eboracensi
665 3035 808 3100 ecclesiae
831 3034 1044 3120 praefuerunt,
1060 3035 1259 3100 venerabilis
1282 3030 1501 3122 capellanus¹

444 3138 602 3202 Willelmi
618 3136 870 3222 Conquaestoris,
887 3137 927 3202 de
944 3135 976 3200 N
978 3157 1151 3203 ormanma
1166 3138 1334 3214 oriundus,
1349 3137 1501 3202 Thomas

443 3239 565 3306 electus
581 3245 640 3316 est,
663 3250 697 3308 et
720 3239 1458 3328 0010111ιί101001100010110,[1101110001111111.ε

276 3399 423 3450 Thomssl
489 3393 630 3456 Thomas
655 3392 740 3477 regis
763 3390 894 3476 Angliae
921 3390 1041 3475 dignus
1066 3390 1263 3476 capellanus,
1287 3414 1365 3460 xxv.
1429 3397 1496 3458 235

275 3466 382 3583 1161ξῇ
489 3493 683 3559 Ascendit'
675 3515 710 3556 1n
737 3492 926 3560 cathedram
957 3493 1078 3560 sedis
1064 3515 1140 3578 Jurc
1161 3515 1270 3573 sanus,

276 3599 356 3650 York
490 3598 521 3660 A
544 3595 729 3660 Lanfranco
753 3594 892 3680 praesule
919 3593 1018 3680 digne
1051 3601 1268 3676 consecratus,

489 3698 552 3762 Per
575 3697 748 3761 Urbanum
772 3696 873 3782 pallio
898 3694 963 3760 fuit
985 3693 1126 3764 honorat
1112 3703 1172 3764 tus

488 3799 554 3864 Hic
576 3797 665 3862 Petri
689 3796 856 3862 basilicam
881 3817 980 3881 quam
1004 3796 1152 3864 Norman
1174 3799 1365 3876 cremabat,8

488 3900 606 3965 Totam
629 3898 697 3962 suis
720 3897 908 3983 sumptibus
930 3897 985 3982 pie
1008 3899 1183 3983 reparabat
1195 3898 1231 3978 ;3
1426 3905 1495 3969 240

486 4002 704 4080 Ornamentis
728 4001 861 4076 clericis,
884 3999 976 4064 libris
998 3999 1084 4067 banc
1106 4003 1246 4082 ornavit,

485 4106 682 4191 Magistrum
705 4103 865 4168 scolarum
888 4101 1015 4188 primus
1037 4103 1213 4170 ordinavit.

485 4209 530 4273 Et
552 4208 693 4274 decanus
715 4205 901 4291 praesidens,
925 4209 1039 4272 cantor
1060 4205 1220 4286 honorati,

486 4311 547 4376 Per
569 4309 659 4376 hunc
680 4306 904 4374 thesaurarius
926 4306 1033 4392 primo
1055 4314 1135 4375 sunt
1156 4311 1264 4377 creati.

487 4412 698 4498 Singulorum
722 4410 825 4475 statui
847 4409 936 4495 large
952 4409 1133 4488 dividebat,
1425 4420 1489 4484 245

485 4517 606 4599 Lar-gos
629 4515 692 4578 sibi
714 4513 862 4576 redditus
885 4533 986 4597 sagax
1009 4513 1211 4597 providebat.

476 4690 483 4721 ¹
501 4687 658 4754 capellanus]
679 4686 754 4751 regis,
767 4689 812 4736 ius.
826 4687 851 4736 A
1018 4687 1029 4722 ³
1047 4688 1173 4740 cremabat
1190 4728 1195 4740 .
1215 4728 1221 4740 .
1240 4727 1246 4742 .
1263 4693 1416 4762 reparabat]
1436 4713 1490 4750 ere.

474 4769 484 4804 ²
501 4767 625 4834 sequitur]
645 4767 748 4828 seriose,
760 4768 806 4818 iss.
819 4769 852 4820 A.
985 4767 1065 4818 mavit
1082 4804 1088 4816 .
1107 4805 1113 4818 .
1132 4805 1138 4818 .
1156 4770 1288 4833 reparavit,
1300 4773 1333 4823 A.
