3586 5802
427 849 491 914 154
563 864 712 914 mercer
735 863 781 912 or
802 863 896 915 rone
917 861 1156 916 Ancnmsnors
1178 866 1223 916 os
1245 868 1340 918 sons

254 1067 317 1116 mise
325 1067 385 1145 unt
425 1055 513 1142 quod
536 1056 676 1122 deberet
718 1055 937 1142 Proposuerat
958 1057 995 1122 in
1017 1058 1128 1123 animo
1152 1079 1257 1144 usque
1279 1059 1316 1124 in
1338 1058 1474 1146 longum

255 1135 375 1266 ξζθζᾝω
424 1164 555 1246 tempus
578 1159 735 1245 Angliem
757 1181 826 1225 non
848 1161 982 1226 intrare.

273 1285 288 1317 o
322 1269 342 1316 ’s
445 1260 547 1326 ‘Post
581 1260 802 1346 Epiphaniam
824 1263 939 1330 audito
961 1273 1081 1349 papam
1116 1262 1256 1329 Turonis
1278 1263 1349 1350 regi
1371 1261 1475 1327 Fran-

318 1351 336 1383 *
424 1383 536 1428 corum
568 1363 750 1440 mandasse,
772 1369 812 1428 ut
834 1363 903 1430 illic
938 1365 992 1429 die
1014 1364 1187 1450 designato
1218 1365 1250 1430 ei
1282 1368 1475 1440 occurreret,

254 1429 403 1544 pxppeapng
425 1465 574 1530 sacerdos
596 1471 709 1530 noster
731 1465 866 1530 obnixe1
888 1467 958 1553 regi
981 1466 1191 1552 supplicabat
1213 1472 1378 1552 quatenus
1400 1487 1476 1532 eum

254 1563 391 1612 rourece-
424 1567 504 1633 illuc
532 1568 588 1648 ¹ire
626 1567 817 1644 dimitteret,
855 1569 914 1632 sed
950 1567 1142 1634 nullatenus
1173 1569 1288 1634 voluit.
1349 1569 1474 1635 Utrum

254 1627 390 1760 {1532th
423 1668 687 1754 archiepiscopus
724 1669 841 1746 noluit,
876 1670 931 1734 vel
962 1691 1030 1735 non
1061 1671 1182 1756 potuit,
1204 1691 1266 1736 nec
1299 1671 1370 1756 ipse
1400 1668 1473 1734 ivit

253 1757 571 1944 pipfgfflg
604 1771 1475 1961 sesanassignasses
1565 1827 1569 1834 ·

279 1911 295 1944 u
370 1909 378 1941 1
1196 1927 1204 1953 ,

252 1959 411 2078 2?le
424 1975 527 2040 nobili
565 1974 651 2040 clero
684 1980 719 2038 et
752 1995 923 2060 procerum
964 1975 1125 2041 comitatu
1162 1997 1291 2042 summo
1324 1975 1473 2062 pontifici

292 2042 333 2092 ε’
425 2077 558 2142 obviem
592 2076 671 2154 ibat,
695 2082 828 2142 etcum
860 2097 898 2142 eo
933 2077 1035 2164 legati
1067 2078 1182 2154 nostri,
1217 2078 1297 2163 quia
1330 2079 1473 2143 electum

254 2201 376 2252 beroen
423 2185 574 2246 nostrum
608 2180 689 2244 satis
727 2179 896 2266 diligebat
959 2178 1044 2244 Cum
1081 2185 1195 2245 autem
1228 2180 1400 2246 venissent
1430 2177 1474 2243 ed

253 2269 407 2385 &sulm
424 2287 568 2346 castrum
591 2280 790 2358 Nanthonis,
813 2281 1006 2346 nuntiatum
1038 2286 1089 2346 est
1111 2282 1181 2366 regi
1204 2303 1324 2368 papam
1359 2278 1473 2368 G[ela·

252 2351 396 2463 diesallblh
425 2382 526 2468 sium]
552 2383 747 2448 defunctum
779 2404 858 2460 esse,
891 2387 926 2446 et
961 2381 1112 2448 Cluniaci
1146 2383 1335 2470 sepultum
1364 2388 1399 2448 et
1430 2382 1473 2448 ab

252 2468 412 2586 gffifflp’
425 2487 584 2573 episcopis
607 2491 642 2551 et
664 2485 894 2562 cardinalibus,
917 2485 975 2570 qui
998 2506 1073 2549 oum
1096 2505 1134 2550 eo
1156 2490 1325 2563 venerant,
1349 2485 1473 2550 Gnido-

252 2609 293 2650 tus
305 2602 341 2652 11.
423 2609 500 2654 nem
526 2589 748 2654 Viennensem
770 2586 1060 2673 archiepiscopum,
1087 2587 1234 2652 invitum
1260 2593 1296 2652 et
1328 2586 1473 2653 reniten-

253 2669 380 2718 ⁸¹¹⁰⁰⁰⁰d⁵·
421 2696 497 2768 tem,
514 2691 550 2754 in
573 2711 692 2777 papam
715 2694 857 2776 raptum,
873 2695 907 2754 et
930 2688 1101 2754 Calixtum
1123 2689 1333 2776 appellatum.
1377 2688 1473 2769 Quod

420 2793 592 2858 audientes
626 2814 685 2856 rex
717 2797 752 2856 et
783 2791 918 2876 plurimi
952 2792 1075 2856 reversi
1109 2797 1196 2862 eunt,
1254 2791 1398 2872 Quidam
1428 2791 1473 2856 ad

422 2915 498 2960 eum
512 2893 725 2960 transierunt.
773 2892 849 2978 Ipse
864 2913 951 2969 vero,
975 2892 1202 2979 deappellatus
1225 2892 1339 2971 officio,
1354 2913 1471 2980 parum

422 3017 517 3082 agere
540 2996 648 3061 voluit
670 2996 774 3060 donec
795 2994 839 3060 ab
871 2993 937 3058 illis
960 2995 1019 3080 qui
1041 2995 1155 3060 Romae
1178 3001 1273 3061 erant
1305 2995 1393 3080 quod
1415 2995 1473 3060 isti

253 3117 376 3166 {rhem
422 3098 570 3164 fecerant
602 3097 832 3163 confirmatum
866 3096 1001 3182 accepit.
1048 3095 1099 3162 De
1130 3097 1225 3182 cujus
1256 3097 1472 3163 translatione

251 3198 356 3298 {flffffl
422 3201 558 3287 quidam
581 3201 627 3264 sic
660 3198 728 3264 ait:

252 3313 373 3364 fromthe
511 3321 528 3348 ‘⁴
545 3311 740 3398 [Sponsum]
764 3332 884 3398 sponsa
905 3333 1002 3377 suum
1025 3311 1160 3390 dimisit,
1183 3312 1254 3378 filia
1274 3313 1383 3392 matri,

250 3379 329 3431 Μ’
554 3415 695 3480 “Mater
717 3435 793 3478 eum
815 3415 946 3500 rapiens
968 3413 1050 3479 fecit
1072 3435 1145 3478 eam
1167 3415 1311 3480 viduam.

509 3517 637 3582 “Alter
659 3515 797 3581 habebit
819 3538 891 3581 eam
914 3517 1025 3582 forsan
1051 3516 1187 3582 vivente
1220 3518 1336 3603 priore,

553 3627 570 3654 “
587 3619 658 3684 Nec
681 3619 722 3684 de
745 3624 886 3704 quatuor
908 3619 961 3683 his
983 3617 1072 3683 ullus
1093 3619 1225 3684 adulter
1247 3618 1335 3685 erit.”

464 3745 684 3812 Confirmatus
707 3765 793 3830 papa
807 3743 1059 3830 perambulabat
1073 3745 1302 3832 Burgundiam
1317 3750 1352 3811 et
1365 3745 1470 3832 Aqui-

418 3849 545 3915 taniam
568 3869 682 3913 versus
705 3847 896 3932 Hispanias,
920 3851 954 3911 et
976 3847 1133 3912 Narbone
1150 3848 1336 3914 Concilium
1351 3850 1469 3914 tenuit.

250 3965 370 4041 rhenew'
464 3966 607 4053 Cognita
630 3961 839 4050 Apostolicus
861 3961 1042 4026 multorum
1064 3963 1224 4030 relatione
1242 3969 1363 4030 nostrae
1378 3965 1472 4031 habi-

250 4074 316 4122 eore
325 4057 569 4133 write'tudinisl
593 4063 762 4154 qualitate,
779 4062 935 4128 videlicet
956 4063 1168 4150 professionis
1192 4069 1372 4146 exactione,
1394 4089 1469 4133 oon·

248 4139 339 4255 lhllply
420 4169 609 4235 secretionis
643 4165 869 4254 denegatione,
894 4163 1060 4250 ejectione,
1084 4168 1291 4233 revocatione
1324 4169 1361 4233 in
1383 4169 1470 4234 Nor-

249 4257 401 4387 ffilelffiop
419 4272 595 4348 manniam,
638 4271 757 4347 reditu,
795 4273 830 4333 et
866 4289 925 4354 per
962 4290 1069 4354 quem,
1106 4274 1141 4334 et
1178 4272 1388 4356 quamobrem
1427 4271 1470 4337 ad

249 4389 340 4451 Rupe.
419 4373 669 4459 praedecessores
705 4392 781 4436 suos
816 4369 972 4434 veniendi
1005 4371 1205 4450 retinaculis,
1228 4373 1321 4437 misit
1357 4373 1470 4438 literas

419 4473 623 4559 R[adulpho]
661 4471 912 4559 archiepiscopo
947 4472 983 4535 in
1021 4472 1141 4557 quibus
1178 4495 1254 4538 eum
1292 4473 1469 4561 superbum

584 4695 712 4761 ¹obnisc]
734 4685 855 4760 obilnple,
865 4695 923 4748 MS.

582 4773 593 4806 ²
610 4773 779 4839 beatitudinis]
801 4775 841 4826 Ol.
854 4775 966 4834 Stubbs;
986 4771 1159 4834 beatitudinis,
1170 4773 1228 4825 MS.
