3530 5790
610 846 849 898 sncnsrssors
873 850 916 898 or
940 851 1044 900 roan.
1284 843 1348 906 355

130 1051 242 1104 ruben.
296 1032 454 1120 Gregorio
485 1036 667 1116 constituti,
692 1043 726 1102 et
749 1038 927 1126 Apostolus
951 1041 1041 1119 dicit,
1073 1041 1179 1107 Nemo
1201 1041 1349 1128 fratrem

129 1117 197 1168 666
294 1160 399 1205 mma
421 1139 464 1206 in
486 1142 619 1260 nopotis
648 1141 901 1222 mroramvaaiot,
937 1146 1017 1210 dum
1049 1145 1134 1211 alter
1167 1147 1210 1212 ab
1244 1148 1348 1213 altero

295 1241 528 1326 professionem
567 1245 698 1331 exigere
737 1249 955 1332 praesumpsit,
991 1248 1201 1313 ecclesiarum
1233 1271 1346 1336 pacem

294 1345 453 1423 turbavit,
477 1346 672 1412 discordiam
707 1348 876 1426 excitavit,
900 1353 935 1414 et
968 1349 1113 1414 laborem
1146 1350 1347 1436 multiplica-

294 1447 353 1522 vit,
377 1443 482 1512 sicut¹
515 1447 689 1514 manifeste
713 1470 904 1534 cognossem
938 1451 1062 1536 poterit
1085 1452 1142 1536 qui
1175 1452 1347 1518 historiam

294 1547 546 1617 Eboracensium
571 1549 772 1636 pontificum,
789 1551 956 1617 duntaxat
980 1551 1256 1631 Normannorum,
1273 1553 1347 1618 dili-

291 1651 423 1736 gentius
462 1653 675 1738 perspexerit,
708 1674 807 1738 quam
841 1653 893 1717 vir
930 1655 1135 1719 admirabilis
1175 1661 1209 1720 et
1247 1657 1381 1751 digne
1361 1665 1440 1728 Hugh
1453 1666 1496 1716 the

292 1753 520 1831 memorabilis,
537 1754 684 1839 ejusdem
707 1755 851 1821 ecclesiae
873 1761 997 1834 cantor,
1012 1756 1120 1843 Hugo,
1138 1761 1245 1822 veraci
1269 1760 1345 1825 stilo
1361 1731 1398 1780 ⁰¹¹
1400 1739 1474 1782 “⁰¹⁰¹

292 1856 438 1942 digessit,
460 1778 565 1922 homoJ
590 1858 786 1924 venerandae
818 1860 927 1924 aetatis
950 1865 985 1923 et
1003 1858 1181 1944 jocundae²
1212 1861 1345 1926 urbani·
1327 1783 1489 1928 Odddffii·

291 1959 381 2036 tatis,
404 1960 445 2026 de
468 1981 533 2046 quo
556 1981 632 2024 vere
656 1959 721 2024 dici
745 1963 862 2044 potest,
1360 1929 1498 2060 {3ss22}OE

381 2069 437 2141 Qui
460 2089 554 2127 mores
577 2071 729 2126 hominnm
752 2071 911 2126 multorum
934 2070 1010 2125 vidit
1032 2077 1062 2126 et
1085 2072 1190 2138 urbes;
1360 2061 1481 2112 immn-

254 2202 261 2215 ·
292 2165 413 2250 quique
436 2186 510 2230 cum
534 2164 656 2230 eisdem
679 2163 899 2250 pontificibus,
922 2164 956 2228 id
980 2169 1038 2240 est,
1054 2163 1180 2230 'l’homa
1203 2163 1344 2242 Senium,
1359 2139 1482 2194 'ww'

173 2268 179 2281 '
291 2273 326 2332 et
341 2267 487 2346 Girardo,
504 2267 630 2332 Thoma
652 2266 799 2344 Juniore,
814 2271 849 2331 et
871 2265 1037 2343 Turstino,
1059 2268 1260 2332 necessarius
1276 2274 1344 2334 tam

290 2369 325 2432 in
349 2370 482 2436 Divinis
514 2391 614 2455 quam
647 2370 683 2432 in
715 2367 869 2432 humanis
902 2367 1099 2433 tractatibus
1131 2369 1346 2451 consiliarius,

290 2473 395 2538 multo
418 2478 563 2558 tempore
579 2477 790 2538 conversatus
814 2476 872 2548 est,
896 2471 1092 2556 quibusdam
1109 2473 1210 2537 etiam
1233 2494 1345 2538 eorum

291 2597 393 2660 usque
416 2575 459 2640 ad
489 2580 628 2640 mortem
651 2595 757 2640 comes
780 2571 923 2638 adhaesit
946 2574 1147 2639 individuus
1187 2575 1286 2641 Unde
1311 2583 1345 2642 et
1359 2583 1408 2634 Hs
1419 2595 1492 2652 great

290 2677 393 2762 ipsius
431 2677 661 2742 controversiae
700 2677 824 2754 seriem,
868 2696 942 2760 quae
974 2697 1033 2761 per
1065 2697 1168 2741 annos
1203 2677 1345 2763 amplius
1358 2651 1486 2768 {2⁸:12¹}ssss

290 2801 389 2866 quem
424 2781 666 2866 quinquaginta
696 2780 783 2844 inter
815 2779 896 2844 duas
919 2778 1051 2864 Angliae
1075 2781 1345 2866 metropolitanas
1357 2782 1458 2850 wntrng
1469 2785 1496 2838 ¹2

289 2881 438 2948 ecclesias
473 2883 600 2969 agitata
632 2887 691 2958 est,
726 2877 886 2967 ejusque³
919 2887 1028 2945 ortum
1062 2887 1096 2946 et
1136 2903 1343 2968 progressum

289 2985 355 3050 fere
379 2989 486 3050 totum
508 3006 529 3050 a
560 2990 706 3070 ternpore
729 2982 859 3048 Urbani
882 3003 986 3068 papas,
1010 2980 1187 3059 Paschalis,
1222 2990 1257 3049 et
1280 2984 1343 3050 Ge-

288 3087 371 3164 lasii,
404 3086 553 3164 Honorii‚
586 3091 621 3151 et
653 3084 839 3150 Innocentii
877 3083 1054 3170 diligenter
1090 3085 1229 3162 audivit,
1264 3107 1343 3173 prae-

288 3189 473 3269 senticliter
495 3187 591 3264 vidit,
614 3187 805 3252 memoriter
827 3187 974 3252 retinuit.
1022 3186 1073 3252 De
1096 3189 1190 3274 cujus
1214 3189 1345 3276 scriptis

289 3292 432 3378 plurima
470 3312 545 3376 quae
579 3291 615 3354 in
652 3289 714 3355 hoc
747 3289 904 3376 opusculo
938 3289 1132 3375 posuimus⁴
1170 3289 1346 3377 diligenter·

288 3395 516 3480 excerpsimus.
563 3392 608 3456 Et
630 3413 704 3478 quae
730 3391 820 3478 apud
842 3390 924 3456 alios
948 3391 1145 3469 invenimus,
1168 3413 1243 3457 cum
1271 3393 1343 3458 istis

288 3495 490 3561 conferentes
528 3493 731 3560 concorditer
768 3491 976 3558 addidimus:
1014 3493 1070 3558 sed
1110 3492 1150 3558 de
1187 3493 1240 3558 his
1278 3495 1344 3560 ista

288 3596 463 3664 sufficiunt.
524 3597 632 3675 Nunc,
663 3603 703 3662 ut
741 3595 908 3683 ecepimus,
940 3594 1179 3680 pontificalium
1217 3617 1341 3662 succes-

182 3779 185 3786 .
288 3700 416 3766 sionum
439 3699 588 3765 ordinem
612 3719 822 3784 exequamur.

609 3927 664 3992 Da
687 3925 816 3990 Tnous
839 3923 1016 3990 smmum

332 4089 516 4156 Vicesimus
552 4087 690 4172 quintus
725 4084 964 4150 Eboraoensem
998 4079 1166 4146 ecclesiam
1198 4080 1498 4166 suscepitThomasl.

287 4193 463 4280 regendam
497 4190 624 4277 primus
658 4187 698 4252 de
730 4183 1009 4270 Normcnnigenis
1041 4180 1183 4247 Thomas
1216 4180 1341 4260 Senior,
1354 4155 1422 4205 An
1437 4161 1509 4206 ¹⁰⁶⁹·

287 4294 346 4380 qui
370 4292 500 4358 Baiocis
523 4288 737 4367 oriundus,
728 4309 764 4352 sn
799 4285 917 4353 Galliis
949 4283 1106 4361 eruditus,
1129 4283 1244 4348 ardore
1276 4283 1342 4348 dis·

322 4567 544 4636 mareas.
868 4525 1340 4622 *errarit-tur·

320 4659 474 4726 uma]
495 4660 671 4722 osas·
684 4657 715 4706 G·
833 4605 1339 4752 rusticissimus:

319 4755 330 4788 ³
348 4753 461 4820 Quoue]
481 4751 537 4814 ejus
550 4764 659 4815 quoqne,
671 4747 702 4798 G.
832 4769 863 4818 B.
876 4767 906 4819 c·
918 4767 952 4818 D·
964 4767 994 4816 p·
1009 4767 1042 4818 G,
1203 4756 1209 4766 ·

1143 4851 1229 4921 z2'
