3530 5790
380 807 446 870 350
725 825 924 876 canonicus
947 830 991 877 or
1014 831 1083 878 rem

377 1017 562 1097 rogaverat,
595 1013 701 1079 vitam
733 1014 852 1090 finivit,
885 1020 920 1080 et
954 1017 989 1082 in
1024 1017 1159 1084 ecclesia
1193 1018 1308 1086 Sancti
1343 1020 1432 1087 Petri

379 1112 515 1180 Eboraci
539 1115 688 1201 sepultus
711 1115 783 1182 est.¹

699 1355 755 1420 Ds
777 1372 990 1422 cousmmm
1013 1357 1119 1424 nius.2

422 1507 564 1586 Quantae
586 1513 698 1574 autem
731 1511 926 1575 constantiae
957 1510 1011 1574 vir
1044 1512 1107 1576 iste
1140 1511 1249 1589 fuerit,
1280 1513 1431 1599 exemplo

376 1610 475 1674 unius
497 1611 577 1676 facti
602 1610 692 1676 illius
716 1612 874 1697 perpendi
901 1613 1032 1697 poterit.
1079 1613 1274 1679 Merebatur
1305 1615 1341 1680 in
1363 1637 1431 1680 una

375 1713 623 1778 solemnitatum
663 1713 811 1790 Eboraci,
856 1718 892 1778 et
930 1713 1162 1779 deferebantur
1200 1716 1231 1780 ei
1268 1716 1430 1782 victualia

375 1838 416 1881 ex
439 1816 698 1902 possessionibus
721 1817 840 1882 vicinis
863 1815 1002 1881 civitati.
1050 1814 1202 1904 Contigit
1223 1824 1335 1882 autam
1351 1823 1431 1884 tunc

388 1957 470 1964 --———-
696 1959 787 1965 ——-
793 1961 799 1965 .
807 1958 1053 1964 ——n--m
1211 1959 1275 1966 —-

408 2019 546 2086 ¹sepnltus
560 2021 611 2086 est]
649 2021 719 2072 Nota
738 2021 807 2084 quod
828 2020 877 2070 iste
928 2019 1035 2069 diffusus
1048 2027 1102 2079 est;
1120 2021 1223 2070 namab
1239 2020 1431 2085 hominemque

374 2100 480 2151 Soranus
492 2115 537 2150 rex
549 2101 691 2158 Dacorum,
703 2098 876 2162 petoritum,
927 2100 960 2148 ad
977 2113 1053 2163 pecua
1070 2099 1143 2163 periit
1160 2100 1301 2164 quicunque
1317 2109 1431 2165 repertus

374 2180 434 2244 quia
451 2181 561 2243 proboso
579 2178 691 2228 detraxit
711 2177 807 2228 Sancto
824 2179 876 2228 Ed·
926 2185 965 2227 est
977 2178 1008 2227 ab
1021 2179 1136 2229 Eboroec
1155 2195 1235 2242 usqne
1252 2180 1285 2229 ad
1297 2193 1366 2230 mare
1378 2181 1428 2230 ori·

373 2262 476 2319 inundo,
488 2259 515 2309 in
526 2258 610 2308 medio
624 2256 761 2306 multorum
772 2271 875 2306 suorum
925 2256 1007 2306 entole
1020 2263 1111 2320 praeter
1121 2257 1181 2308 illos
1193 2259 1236 2322 qui
1253 2259 1284 2308 ad
1296 2257 1428 2308 ecclesiam

373 2336 646 2404 apudGepnesburgb,
659 2334 769 2402 pugione
786 2334 874 2386 Sancti
926 2333 1013 2385 Sancti
1057 2336 1183 2386 lobannis
1228 2338 1427 2397 Bererlacensis,

372 2418 500 2468 Edmundi
511 2415 577 2481 regis
591 2414 722 2466 confossus
739 2419 786 2472 est,
804 2413 875 2478 expi-
925 2413 996 2478 quasi
1013 2415 1046 2463 ad
1063 2417 1165 2464 unicum
1183 2416 1290 2480 asylum,
1307 2417 1427 2482 confuge-

372 2497 447 2546 ravit.
481 2497 586 2546 Knutus
606 2493 675 2542 filius
696 2493 754 2555 ejus
771 2493 826 2542 hnc
837 2493 873 2542 vi·
923 2499 990 2541 rant.
1023 2492 1063 2543 Ibi
1083 2493 1187 2558 quidam
1210 2493 1282 2544 miles
1305 2502 1427 2556 armatos,

372 2579 435 2626 dens
453 2574 539 2624 mitius
558 2573 678 2635 deinceps
697 2587 755 2621 cum
780 2571 873 2622 Sancto
924 2571 1018 2635 rapinis
1029 2581 1155 2635 assuetus,
1167 2573 1234 2623 intra
1251 2575 1337 2623 valvas
1347 2577 1426 2626 eccle-

372 2655 510 2704 Edmundo
541 2651 602 2717 egit,
638 2650 762 2700 fossatum
799 2657 873 2700 terrm
923 2649 967 2700 siae
1002 2653 1128 2715 quendam
1156 2651 1251 2701 tirriose
1278 2651 1427 2716 insequitur,

371 2741 464 2784 sancta
480 2731 548 2781 illius
564 2728 743 2788 circumduxit,
755 2729 872 2780 immuni·
924 2728 1002 2780 fracto
1013 2731 1081 2780 collo
1093 2731 1190 2780 corruit
1206 2733 1239 2781 ab
1251 2747 1325 2796 equo,
1336 2741 1362 2781 et
1373 2731 1426 2796 ipse

370 2819 449 2862 tatem
467 2813 499 2861 ab
519 2809 590 2858 omui
610 2806 771 2871 prestatione
794 2806 871 2870 privi·
922 2807 986 2858 facie
1007 2817 1064 2872 post
1087 2815 1184 2876 tergum
1205 2825 1287 2870 versa,
1309 2810 1426 2862 manibus

369 2892 482 2957 legiavit,
515 2887 644 2939 basilicam
671 2901 746 2950 supra
778 2901 870 2950 eorpus
921 2886 1075 2952 pedibusque
1087 2889 1273 2950 retortis‚velut
1284 2897 1426 2940 monstrum

369 2970 517 3028 construxit,
530 2967 667 3018 monachos
678 2965 796 3016 instituit.
921 2965 1031 3015 informe
1053 2966 1167 3016 omnium
1189 2967 1216 3016 in
1235 2982 1262 3018 se
1281 2967 1426 3019 mirantium

402 3049 500 3100 Octavo
518 3055 575 3112 post
594 3048 649 3097 hnc
669 3045 710 3096 die
728 3046 869 3096 Nonnunni
920 3059 965 3094 cra
998 3045 1133 3096 convertit.
1187 3045 1329 3109 stupefacti
1361 3047 1425 3098 socii

368 3129 487 3178 custodes
509 3127 679 3186 castellorum,
698 3124 815 3173 timentes
838 3140 870 3175 ne
920 3124 983 3185 ejus,
1000 3123 1120 3187 projectis
1139 3124 1226 3186 armis,
1237 3126 1270 3174 ad
1287 3124 1426 3188 impetran-

368 3209 457 3257 domus
477 3203 591 3256 suburbii
610 3203 694 3254 forent
713 3202 794 3253 Danis
816 3205 870 3253 suf·
919 3202 979 3251 dum
992 3201 1078 3252 Sancti
1087 3203 1215 3253 Jchsnuis
1222 3203 1425 3254 misericordiam

367 3285 459 3350 fragia,
471 3301 514 3334 eas
526 3282 660 3334 incendere
672 3289 812 3345 ooeperunt,
825 3285 869 3332 sed
918 3288 1110 3330 convertuntur.
1146 3281 1248 3332 Deinde
1271 3289 1424 3334 revertentes

368 3364 471 3414 flamma
495 3362 574 3412 nimia
603 3375 751 3411 excrescens
781 3362 867 3411 urbem
919 3359 1148 3424 edregemomnia
1162 3361 1424 3426 exordinepundunt

367 3443 622 3493 Ebcrsecnsemcum
639 3441 698 3503 ipsc
713 3440 868 3490 monasterio
918 3437 978 3502 regi.
1014 3437 1074 3501 Qui,
1097 3439 1185 3488 audita
1203 3439 1296 3490 virtute
1318 3439 1424 3507 gloriosi

366 3521 541 3584 consumpsit;
570 3521 613 3570 sed
642 3526 702 3568 ante
723 3517 799 3568 finem
827 3519 867 3566 in·
918 3515 1228 3582 confessoris‚verensqne
1245 3518 1352 3569 similem
1365 3521 1423 3570 ulti·
1524 3519 1530 3528 '

366 3600 450 3650 cendii
478 3598 579 3650 Danica
601 3597 690 3646 classis
713 3595 867 3660 supervenit,
917 3611 992 3646 onem
1010 3598 1043 3646 de
1069 3595 1173 3656 catena,
1192 3598 1322 3648 accersitis
1343 3599 1376 3648 ad
1394 3615 1422 3649 se

366 3681 397 3728 de
426 3677 587 3728 conniventia
615 3675 708 3724 civium
736 3675 867 3738 plusquam
916 3674 1356 3740 majoribusecclesim,qusscunque
1369 3679 1421 3742 pri-

365 3762 440 3816 3,000
480 3757 685 3806 Normannorum
724 3751 866 3802 trucidavit.
916 3767 989 3802 orum
1000 3767 1090 3817 regum
1099 3754 1138 3803 vel
1150 3753 1293 3818 principum
1305 3755 1423 3806 libertate

365 3835 429 3884 lude
447 3849 492 3884 rex
505 3832 648 3882 willelmus
664 3827 811 3893 indignatus
827 3837 866 3880 tc·
916 3831 997 3880 eidem
1010 3831 1123 3882 ecclesiae
1140 3832 1225 3882 fuerat
1237 3833 1340 3894 coliata,
1351 3835 1423 3900 regia

365 3922 415 3964 tam
428 3912 585 3978 provinciam
596 3909 666 3960 illam
677 3908 826 3969 devastavit,
837 3916 866 3957 ut
915 3909 1065 3960 auctoritate
1083 3917 1108 3959 et
1126 3910 1204 3975 sigilli
1222 3911 1261 3961 sui
1280 3912 1422 3962 munimine

363 3995 430 4043 fame
457 3992 628 4042 invalescente
656 3987 773 4038 homines
796 3987 865 4051 equi·
916 3987 1082 4039 confirmavit.
1128 3989 1195 4037 Item
1222 4005 1290 4039 anno
1313 3991 1420 4040 Domini

364 4087 432 4132 nam,
451 4072 578 4129 caninam,
598 4069 720 4125 catinam,
739 4073 765 4115 et
786 4066 864 4118 etiam
915 4079 1012 4115 unxrx.
1031 4064 1098 4116 idem
1115 4066 1259 4116 willelmus
1276 4069 1420 4119 consuuxit

364 4165 465 4200 caruem
516 4150 652 4197 humanam
697 4145 863 4194 comederent.
915 4158 993 4192 unum
1017 4151 1126 4193 castrum
1150 4147 1217 4208 apud
1245 4145 1421 4213 Notyngbam,

363 4230 443 4279 'l'erra
465 4227 541 4278 etiam
559 4239 615 4289 quae
634 4224 701 4273 inter
720 4223 863 4272 Eboracum
913 4221 981 4270 aliud
1005 4224 1072 4285 apud
1095 4221 1214 4283 Lincoln,
1232 4232 1258 4274 et
1277 4226 1327 4274 duo
1351 4228 1420 4289 apud

362 4321 387 4358 et
406 4305 568 4357 Dunelmiam
585 4303 662 4366 jacet,
681 4317 772 4351 novem
790 4301 862 4351 annis
913 4299 1064 4359 Eboracum,
1076 4302 1122 4350 ica.
1135 4303 1166 4350 B.
1181 4303 1213 4353 G.

361 4385 501 4436 habitatore
522 4391 547 4433 et
566 4385 661 4432 cultore
681 4381 801 4439 carebat;
820 4381 862 4429 be·
945 4378 1039 4444 tque]
1059 4379 1181 4441 ejusdem,
1202 4381 1232 4432 C.
1252 4382 1284 4432 D.
1306 4383 1356 4442 Εἷς
1380 4383 1421 4436 De

362 4465 466 4515 stiarum
485 4463 595 4512 enimet
613 4463 739 4509 latronum
757 4457 861 4508 latibulo
911 4457 1054 4508 constantia
1091 4460 1198 4510 Aldredi
1233 4459 1418 4527 archiepiscopi

360 4551 441 4594 crant.
494 4543 565 4591 Inter
593 4542 685 4590 Tesam
707 4548 732 4588 et
760 4539 861 4600 lpnam
911 4540 1083 4604 Eboracensis,
1095 4542 1126 4590 B.
1139 4543 1171 4592 G.

359 4622 427 4691 regis
455 4621 579 4672 exercitus
602 4635 649 4684 per
671 4633 776 4687 quaque
804 4619 861 4668 ioca
886 4576 890 4681 l
