3606 5798
569 899 612 948 ro
635 897 806 948 claranus
829 897 865 946 11.
889 895 1003 946 mour
1025 895 1182 946 rossus.
1335 883 1400 949 249

351 1083 437 1149 sedis
467 1079 679 1159 excellentias,
701 1103 769 1148 non
803 1085 918 1147 contra
940 1081 1084 1158 Petrum,
1108 1081 1165 1146 sed
1198 1101 1273 1149 cum
1297 1081 1404 1159 Petro,
1525 1091 1529 1098 “

351 1192 386 1252 et
408 1185 471 1250 sub
485 1185 585 1250 Petro
607 1183 722 1248 multis
737 1181 884 1248 millibus
908 1183 1035 1248 dierum
1050 1183 1179 1249 tenuit:
1204 1183 1266 1250 hoc
1287 1183 1404 1269 priscoe

351 1284 599 1353 consuetudinis
643 1283 846 1350 investitura
890 1289 924 1348 et
968 1285 1181 1371 antiquitatis
1225 1286 1406 1351 reverenda

352 1389 506 1475 majestas
528 1386 685 1451 instituit.
733 1385 785 1462 Et,
808 1391 848 1450 ut
878 1385 1013 1450 interim
1036 1385 1132 1452 Beati
1156 1385 1306 1473 Gregorii
1330 1393 1405 1452 uta·

351 1513 426 1556 mur
456 1489 590 1556 verbis:
630 1497 705 1568 Quia
736 1496 850 1553 eunctis
884 1497 978 1569 liquet
1010 1499 1087 1554 unde
1119 1498 1338 1554 Britanniamm
1360 1517 1404 1554 re·

253 1579 259 1596 ⁸
351 1589 487 1662 &onibus
509 1588 580 1644 fides
602 1593 703 1644 sancta
730 1586 883 1658 prodierit,
914 1605 981 1642 eum
1012 1587 1137 1660 priscam
1167 1588 1405 1644 consuetudinem

351 1679 427 1736 sedis
465 1677 642 1751 Apostolicee
673 1677 801 1734 ccclesia
839 1676 1057 1733 Cantuariensis
1104 1677 1255 1734 humilitas
1288 1677 1405 1752 repetit,

351 1769 422 1840 quid
454 1767 535 1824 aliud
566 1783 653 1838 quam
686 1766 762 1822 bona
792 1765 903 1822 soboles
934 1767 972 1822 ad
1001 1765 1098 1824 sinum
1129 1766 1231 1823 matris
1252 1763 1406 1824 recurrit?

351 1849 530 1915 Ravennae
552 1847 630 1913 olim
653 1847 824 1934 episcopus
846 1845 882 1912 in
905 1851 1052 1934 tempore
1074 1847 1172 1913 Beati
1190 1848 1340 1936 Gregorii
1364 1847 1405 1914 de

352 1973 414 2016 usu
437 1949 531 2037 pallii
553 1949 589 2014 in
613 1948 814 2014 solemnibus
830 1947 988 2014 Laetaniis
1011 1947 1155 2015 coelesiae
1174 1971 1242 2015 ause
1265 1951 1406 2036 priscam

352 2051 629 2117 consuetudinem·
658 2049 727 2114 solo
764 2048 902 2114 testium
935 2051 1126 2136 juramento
1160 2052 1407 2137 comprobavit3

352 2154 447 2219 nobis
470 2175 531 2219 nec
552 2153 705 2218 veritatis
735 2151 883 2228 historia,
906 2172 967 2218 nee
989 2151 1188 2236 Apostolicae
1219 2154 1305 2219 sedis
1328 2154 1408 2219 data

352 2255 536 2343 privilegia,
559 2276 620 2321 nce
647 2251 745 2318 tauta
767 2251 1000 2318 diuturnitatis
1023 2255 1223 2320 investitura
1254 2257 1407 2340 prodesse

351 2355 514 2424 sufficiet?

396 2459 605 2536 Admonitus,
652 2457 818 2544 inquiunt,
856 2455 899 2521 ad
945 2455 1115 2520 dominum
1159 2478 1290 2543 papam,
1329 2467 1548 2524 cumlll-heuth

348 2582 454 2646 prope
486 2567 582 2638 esset,
614 2559 729 2625 venire
763 2557 910 2623 noluisti.
972 2558 1103 2636 Venire,
1126 2557 1273 2643 inquam,
1310 2561 1404 2626 nolui
1415 2537 1552 2650 Emeum

353 2662 521 2746 quianon
553 2661 656 2747 potui,
681 2661 777 2726 novit
810 2660 922 2724 Deus!
961 2657 1027 2739 Qui
1061 2681 1114 2725 me
1138 2661 1311 2728 voluntate
1335 2663 1404 2728 Sua
1415 2615 1574 2732 gilii-iii}-

354 2757 522 2849 corripuit,
545 2763 624 2848 quia
654 2762 817 2849 passionis
851 2783 933 2826 mese
964 2761 1116 2828 molestia
1146 2767 1251 2829 tantae
1285 2766 1403 2850 majes-

355 2863 436 2928 tatis
472 2863 656 2928 tumultum
695 2867 730 2927 et
766 2868 925 2928 terrorem
963 2862 1126 2928 sustinere
1172 2885 1239 2930 non
1282 2867 1404 2952 potuit.

356 2963 508 3050 Denique
540 2964 717 3030 infirmitas
749 2984 817 3028 non
848 2963 969 3032 habet.
984 2963 1098 3050 legem.
1157 2965 1409 3046 Quantumcun-

355 3087 419 3151 que
442 3065 546 3152 igitur
567 3065 652 3131 velit
674 3065 840 3152 lapidabit
872 3087 924 3130 me
948 3065 1075 3129 domini
1098 3065 1164 3131 mei
1193 3066 1408 3135 Eboracensis

355 3167 498 3253 episcopi
522 3173 556 3232 et
579 3189 712 3232 suorum
736 3165 920 3245 violentia;
949 3172 1038 3232 certe
1068 3188 1136 3232 non
1167 3167 1253 3234 dabo
1275 3169 1408 3236 vineam

356 3289 471 3346 meam,
494 3291 555 3334 nec
577 3269 721 3334 vendam
744 3267 974 3334 haereditatem
997 3274 1131 3355 patrum
1154 3291 1310 3336 meorum,

400 3371 600 3450 Habeamus,
623 3371 789 3458 inquiunt,
806 3371 959 3436 veritatis
982 3378 1017 3437 et
1039 3373 1298 3457 opportunitatis
1316 3374 1408 3460 judi·

356 3471 453 3550 cium,
485 3472 581 3538 facile
612 3478 663 3538 est
694 3471 866 3538 ostendere
900 3473 990 3558 quod
1024 3473 1109 3537 nihil
1141 3474 1298 3542 debemus
1321 3475 1408 3542 Oan-

357 3575 482 3653 tuariae,
508 3575 572 3639 uisi
595 3575 683 3662 quod
698 3575 806 3640 omnis
829 3574 964 3641 ecclesia
978 3576 1068 3641 omni
1093 3576 1243 3644 ecclesia.
1290 3577 1408 3646 Totam

356 3677 498 3754 illorum,
520 3677 664 3764 inquam,
681 3677 722 3742 de
746 3698 812 3763 qua
834 3676 1019 3764 gloriantur
1040 3675 1235 3744 facilitatem
1258 3681 1409 3768 superius

357 3780 578 3866 exposuimus,
610 3779 866 3846 Oserenissime
900 3779 1033 3845 domine
1068 3785 1103 3846 et
1139 3785 1407 3850 reverentissime

357 3885 458 3968 pater.
505 3882 587 3963 Qus
610 3887 723 3948 tamen
744 3881 877 3947 illarum
900 3881 1050 3956 facultas,
1074 3888 1330 3971 quantacunque
1352 3887 1405 3964 sit,
1419 3903 1489 3969 why

357 3984 412 4050 hic
445 3983 522 4070 jure
552 3982 748 4050 ventilanda
781 3983 875 4062 esset,
910 3984 968 4050 ubi
1000 3984 1213 4070 antiquitatis
1250 3985 1406 4068 historiae,
1420 3971 1567 4087 ffi⁰¹ss⁶¹¹⁰²

357 4086 415 4151 ubi
438 4093 590 4151 veterum
613 4083 767 4151 chronica
789 4085 962 4164 habentur,
986 4085 1045 4150 ubi
1067 4087 1246 4171 provincias
1269 4095 1304 4154 et
1333 4111 1407 4175 pro-
1420 4053 1557 4182 chhchgeir'

321 4180 330 4199 '
358 4188 544 4254 vineiarum
578 4187 711 4273 singula
744 4187 816 4252 loea
848 4187 984 4264 dinosci,
1017 4193 1052 4252 et
1088 4209 1232 4272 praesens
1271 4191 1407 4256 testium
1420 4170 1572 4286 ffissssffiffl'

358 4290 516 4356 memoria
542 4295 653 4375 potest
683 4287 841 4353 adhiberi.
889 4288 934 4354 Et
967 4288 1100 4374 quidem
1135 4290 1171 4353 in
1196 4291 1408 4359 sacularibus
1421 4252 1559 4380 ,erichtheis

353 4392 488 4478 judiciis
511 4391 619 4458 solent
640 4390 782 4456 minores
804 4394 983 4476 potestates
1002 4411 1076 4454 cum
1098 4391 1168 4456 suis
1189 4393 1408 4474 inferioribus,
1419 4368 1551 4421 mmm?

359 4517 562 4582 quaecunque
595 4495 682 4562 inter
712 4515 746 4558 se
770 4493 952 4578 discrepare
987 4491 1153 4571 videntur,
1176 4495 1213 4559 in
1235 4519 1296 4563 sua
1318 4498 1409 4565 curia

358 4602 511 4675 tractare,
533 4619 595 4663 nec
617 4601 716 4662 antea
754 4594 888 4680 majoris
920 4595 1097 4680 potestatis
1129 4598 1230 4662 curiae
1266 4621 1410 4685 praesen·

358 4699 433 4780 tari,
457 4721 557 4785 quam
588 4697 731 4784 justitiae
754 4697 931 4762 veritatem
964 4697 1001 4762 in
1032 4718 1094 4763 sua
1120 4698 1411 4785 deprehendantur

358 4799 507 4878 violasse,
541 4821 603 4868 noc
629 4799 803 4886 judicatur
834 4799 882 4865 ibi
917 4798 1035 4866 debere
1059 4821 1259 4886 quemquam
1297 4803 1409 4868 subire
