3454 5816
432 907 635 956 covrrvunn
657 908 702 958 nv
726 908 774 958 iv
798 908 978 958 uunvowu
1001 909 1152 960 nuruou.
1260 897 1324 962 429

276 1081 430 1171 Wuldby‚
468 1088 512 1154 ud
549 1090 696 1175 regimen
733 1091 876 1158 ecclesiae
914 1076 1177 1176 metiopolitunae
1210 1086 1325 1154 Sancti
1337 1085 1365 1202 f:
1363 1091 1457 1202 ffir-

276 1183 365 1250 Petri
405 1178 618 1256 Eborucensis
652 1191 810 1276 praefutus
842 1213 928 1278 pupu
959 1191 1174 1257 Innocentius
1196 1195 1325 1276 putrem
1338 1166 1483 1267 Lphfifflm

275 1285 368 1370 pium
391 1309 413 1354 a
435 1290 512 1356 sede
528 1290 778 1370 Lichefeldensi,
793 1293 903 1360 nutu¹
926 1293 999 1370 Dei,
1016 1291 1209 1358 transtulit:
1233 1290 1325 1355 deni-
1338 1291 1365 1334 ‘⁰
1377 1285 1456 1334 York.

254 1403 341 1472 'que
381 1389 417 1454 in
448 1393 738 1477 metropolitanam
770 1394 959 1471 translatus,
992 1393 1234 1480 plenitudinem
1258 1413 1326 1457 suae

275 1492 459 1574 potestatis,
497 1492 621 1560 scilicet
653 1495 801 1580 pallium,
833 1496 876 1561 ab
909 1495 1101 1580 Apostolico
1133 1495 1327 1562 Innocentio

275 1591 414 1676 praefato
436 1595 473 1658 in
495 1595 587 1662 euris
609 1597 736 1682 accepit
758 1597 843 1664 circu
866 1597 965 1662 finem
984 1597 1105 1662 mensis
1120 1595 1224 1674 Junii,
1240 1617 1327 1662 armo

277 1693 412 1760 Domini
434 1706 481 1762 ur.
505 1707 578 1766 eoc⁰.
604 1701 655 1766 98.

321 1796 389 1864 Hic
410 1820 497 1876 veru,
521 1799 745 1866 humilitatem
767 1821 884 1887 gerens
907 1800 943 1864 in
965 1806 1104 1886 pectore,
1127 1821 1240 1867 curum
1263 1801 1327 1866 sibi
1342 1801 1462 1872 flishigh

276 1899 457 1978 creditum,2
480 1905 515 1966 εὴ
548 1899 645 1968 officii
679 1901 854 1986 pastoralis
890 1899 1065 1966 debitum³
1087 1903 1168 1967 totis
1199 1902 1327 1966 viribus
1340 1868 1477 1920 charaeta.

276 2001 396 2086 exequi
418 2001 583 2080 studebat,
606 2003 688 2068 adeo
712 2007 751 2067 ut
773 2003 809 2068 in
831 2001 963 2090 regione
986 2023 1047 2068 suu
1069 2003 1232 2089 splendor,
1255 2025 1327 2090 spe·

277 2101 397 2180 culum,
429 2109 465 2170 et
497 2103 675 2190 exemplar,
704 2108 807 2189 atque
840 2107 936 2190 puter
983 2105 1211 2191 episcoporum
1240 2105 1329 2191 upud

276 2202 425 2270 homines
448 2205 571 2271 meruit
585 2204 755 2291 appellari,
771 2210 806 2270 ot
828 2225 896 2271 non
911 2206 973 2272 hoc
988 2211 1124 2292 propter
1138 2207 1210 2284 hoo,
1227 2207 1330 2292 juxte
1371 2230 1376 2239 ·

277 2305 415 2372 caducos
436 2306 561 2372 fallacis
592 2307 711 2372 mundi
744 2306 892 2384 honores,
924 2307 1070 2373 inaniter
1091 2329 1126 2374 se
1158 2307 1328 2386 extollens,

277 2407 420 2485 humilis,
443 2408 526 2494 pius,
556 2414 591 2474 et
621 2409 750 2475 facetus
784 2410 973 2494 permensit,
1008 2410 1044 2476 iu
1067 2415 1242 2494 conspectu
1264 2410 1328 2477 Dei

277 2508 511 2594 abjectiorem4
534 2533 567 2576 se
590 2511 664 2576 uliis
687 2511 865 2595 reputavit.

324 2611 357 2676 Is
380 2633 510 2698 quoque
541 2613 611 2677 iu⁵
634 2613 822 2680 sanctitutis
854 2612 921 2678 fuit
954 2618 992 2679 ut
1014 2613 1101 2678 inter
1132 2613 1199 2680 elin
1231 2635 1328 2700 opera
1341 2616 1384 2668 He·
1394 2629 1465 2666 00111·

277 2734 346 2778 suse
369 2713 564 2800 probitatis,
598 2713 757 2800 plurimus
795 2713 1001 2799 SequentiuS,
1033 2736 1107 2801 quae
1145 2715 1181 2780 in
1219 2717 1328 2782 Missis
1340 2683 1424 2798 ἓξὲξ
1436 2747 1481 2800 Se-

279 2820 443 2882 canuntur
465 2815 501 2880 in
525 2837 587 2882 usu
614 2815 820 2894 Eborucensi,
842 2816 886 2880 ud
909 2815 1041 2883 leudem
1064 2817 1128 2882 Dei
1161 2823 1196 2884 ct
1227 2818 1327 2884 Sanc·
1341 2821 1489 2879 quencesto

278 2921 388 2982 torum
425 2916 566 2982 formoso
603 2917 693 3002 stylo
731 2917 931 3002 compilavit,
970 2916 1095 2984 scilicet
1132 2919 1172 2984 de
1207 2919 1328 2986 Sancto
1341 2881 1448 2998 idolii&
1461 2887 1487 2931 *t

279 3018 406 3084 Thomu
417 3018 575 3104 Martyre,
591 3017 655 3104 Spu
670 3017 833 3084 cicerculis
848 3024 877 3084 ct
899 3039 1029 3084 coccum
1038 3043 1050 3099 ;
1074 3019 1238 3088 Undecim
1254 3021 1328 3086 mil-

278 3121 366 3186 libus
389 3120 573 3206 Virginum‚
603 3119 821 3207 Scrupulosus,
845 3141 919 3186 cum
943 3121 1083 3186 diversis
1114 3121 1197 3188 aliis.
1244 3123 1329 3188 Mul-

279 3227 331 3288 tus
368 3222 469 3288 otium
511 3221 646 3308 prosus⁶
684 3227 718 3286 et
757 3223 921 3288 orationes
961 3223 1098 3288 devotus
1140 3224 1332 3310 compilavit

280 3325 321 3390 de
343 3323 405 3390 hoc
427 3325 560 3390 nomine
584 3323 698 3399 dhesu,
721 3329 757 3388 et
778 3323 864 3388 illud
887 3325 1006 3408 quum⁷
1029 3325 1152 3390 totiens
1183 3327 1331 3394 devotio·

280 3427 332 3490 nis
354 3425 463 3513 gretia
479 3431 632 3492 oretenus
656 3426 839 3512 exprimere
860 3427 995 3505 solebat,
1012 3427 1067 3504 sic,
1083 3425 1189 3494 Jltcuu
1211 3450 1331 3516 merop,

280 3528 327 3596 sio
349 3527 532 3615 vulgariter
553 3527 663 3594 fundo.

325 3629 471 3696 Tundem
493 3651 672 3716 paucorum
707 3629 806 3694 fluxis
840 3650 1002 3696 annorum
1034 3631 1171 3710 circulis,
1194 3633 1330 3718 quidum
1343 3643 1432 3706 Henry

280 3736 465 3817 prscpotons
481 3732 643 3808 dominus,
667 3731 831 3797 Henricus
848 3732 889 3796 de
906 3731 1135 3818 Bolingbroke,
1147 3735 1220 3808 dux
1244 3709 1469 3826 Her-ffissfssfrd
1499 3785 1505 3790 -

280 3833 397 3901 fordiae
420 3838 454 3897 et
485 3853 592 3898 comes
614 3833 775 3911 Durbeiae,
800 3832 889 3898 filius
911 3839 946 3898 et
968 3832 1072 3900 haeres
1094 3835 1259 3902 Johunnis
1290 3837 1330 3901 dc
1343 3849 1443 3892 returns
1454 3851 1482 3894 to

282 3935 405 4004 Gcwnt
427 3934 521 3999 ducis
544 3933 754 4012 Luncustriae,
778 3933 837 4020 qui
859 3934 1016 4000 exulabat
1039 3957 1060 4000 u
1081 3957 1181 4024 regno
1204 3936 1330 4024 Angliae
1343 3908 1470 3976 ungunt

281 4058 339 4121 per
377 4057 486 4122 regem
524 4035 728 4102 Richardum
766 4035 955 4102 Secundum
994 4037 1037 4102 ud
1075 4038 1185 4104 decem
1218 4061 1331 4118 uncos,

281 4158 369 4203 auno
403 4137 542 4202 Domini
573 4153 877 4216 nccctxxxxvm,
905 4139 963 4224 qui
996 4143 1068 4205 erut
1098 4161 1206 4206 unnus
1238 4143 1332 4230 regni

283 4239 430 4325 ejsudem
453 4241 540 4327 regis
563 4240 642 4318 xxi,
665 4239 800 4306 edoctus
823 4241 863 4306 de
890 4244 995 4306 morte
1017 4243 1122 4327 putris
1156 4243 1208 4308 sui
1239 4245 1332 4312 ducis

281 4341 490 4420 huncustriae,
512 4343 675 4429 navigans
690 4342 785 4408 venit
807 4363 828 4410 a
849 4342 1000 4429 partibus
1016 4341 1166 4426 Celusius,
1186 4350 1221 4412 et
1242 4348 1332 4434 opud
1345 4351 1500 4472 ffl'w

316 4569 324 4602 ¹
342 4569 419 4635 nutu]
439 4567 542 4632 intuitu,
554 4570 588 4620 Η.
864 4571 875 4603 ⁵
893 4572 945 4638 itu]
967 4587 1017 4622 om.
1030 4574 1064 4624 H.

315 4649 325 4684 ²
342 4648 476 4716 creditum]
497 4649 625 4710 traditum,
636 4649 671 4700 11.
864 4649 994 4718 ⁶prosus]
1015 4669 1111 4718 preces,
1122 4655 1157 4708 Η.

314 4727 463 4793 'debituud
484 4728 602 4790 debitum,
614 4729 648 4779 Η.
865 4727 876 4766 ²
894 4731 981 4796 vam]
1002 4733 1078 4796 quod,
1091 4733 1125 4785 H.

315 4809 326 4842 ⁴
344 4805 514 4875 abjectiorem]
536 4807 720 4872 subjectiorem,
733 4807 768 4858 Η.
