3530 5790
419 902 483 964 322
767 913 964 960 sunericus
988 913 1031 959 or
1055 911 1124 960 rus

419 1104 589 1190 episcopus
612 1102 821 1178 constitutus,
846 1103 907 1180 cui,
931 1102 1010 1186 quia
1031 1097 1279 1166 e1at1eonsilio
1302 1097 1466 1184 providus,

419 1211 454 1270 et
475 1206 604 1270 actione
627 1209 788 1279 strenuus,
812 1225 923 1268 curam
947 1203 1161 1268 Eboracensis
1192 1200 1335 1265 eeclesiae
1365 1197 1466 1263 ωηο2

420 1306 569 1370 vacantis
592 1305 755 1369 commisit
777 1305 951 1381 Deirorum
983 1327 1042 1370 rex
1074 1303 1214 1379 Oswius
1242 1303 1369 1386 dequo
1393 1321 1466 1364 cum

421 1409 541 1494 largior
576 1409 620 1471 sit
666 1407 829 1472 scribendi
870 1407 1016 1484 materia,
1054 1428 1114 1468 nos
1151 1403 1323 1468 breviandi
1360 1402 1468 1487 gratia

421 1511 527 1575 multa
549 1511 748 1585 omittentes,
771 1511 961 1573 summatim
994 1509 1217 1592 exprimamus
1247 1526 1345 1590 quam
1378 1503 1466 1566 illus-

254 1607 383 1656 Educatus
422 1615 482 1676 tris
517 1622 551 1676 et
582 1617 735 1676 strenuus
766 1610 897 1674 fulserit
931 1612 967 1672 in
1001 1610 1141 1674 ecclesia
1190 1608 1254 1687 Qui
1286 1628 1360 1670 cum
1384 1611 1468 1669 esset

251 1672 392 1789 prppria·
422 1736 582 1780 annerum
615 1715 708 1790 xiiii,
740 1714 846 1800 primo
881 1714 916 1776 in
946 1711 1217 1798 medisfarnensi
1241 1709 1375 1774 eeclesia
1404 1708 1467 1772 lec-

423 1805 506 1870 tioni
531 1825 661 1889 operam
694 1803 894 1887 impendens,
918 1811 1125 1865 animadvertit
1158 1809 1278 1862 minime
1312 1808 1467 1879 perfectam
1481 1829 1639 1886 Regma

422 1922 483 1957 esse
506 1891 609 1958 riam³
632 1919 696 1972 quaa
728 1901 895 1955 tradebatur
917 1919 934 1954 a
967 1891 1074 1964 Sectis,
1098 1889 1208 1954 unde*
1234 1889 1372 1952 Romam
1395 1909 1503 1972 per-v,
1518 1900 1558 1944 19.

424 1985 521 2059 rexit,
544 1983 658 2067 ibique
693 1991 876 2045 meditationi
909 2008 1006 2044 rernm
1029 1988 1286 2044 ecclesiasticarum
1322 1985 1467 2041 cotidiana

422 2082 603 2153 mancipatus
619 2080 768 2144 instantia,
793 2085 915 2150 quatuor
939 2079 1164 2148 Evangeliornm
1187 2096 1221 2132 ex
1244 2074 1345 2130 ordine
1368 2075 1465 2140 libros,

422 2178 588 2241 compotum
611 2170 729 2223 Paschae
761 2169 972 2233 rationabilem,
995 2175 1025 2222 et
1056 2167 1114 2221 alia
1145 2166 1237 2220 multu
1267 2164 1467 2220 ecclesiasticis

422 2259 585 2330 disciplinis
623 2258 807 2312 accommodo
845 2271 866 2311 a
904 2248 1087 2312 consiliarie
1126 2247 1230 2332 ipsius
1269 2268 1362 2330 papae
1396 2245 1467 2308 viro

421 2351 608 2415 doctissimo
632 2349 802 2414 Bonifaeio
826 2349 949 2414 didicit.
996 2349 1077 2413 Iade
1094 2349 1301 2412 Britanniam
1318 2345 1467 2422 rediens,⁵

421 2475 495 2518 cum
519 2453 554 2516 in
579 2450 727 2516 Gallias⁶
761 2451 956 2527 devenisset,
981 2451 1087 2514 tribus
1119 2450 1215 2514 annis
1238 2471 1312 2514 cum
1334 2449 1466 2513 Dalfino

254 2550 291 2599 At
304 2551 399 2615 Lycus.
420 2554 632 2638 Lugdunensi
649 2568 851 2627 commoratus,
868 2568 999 2615 attonsus
1015 2568 1059 2616 est
1074 2562 1109 2614 ab
1125 2579 1176 2626 eo;
1201 2552 1310 2635 sicque
1326 2551 1466 2636 patriam

334 2675 336 2681 ’
419 2641 635 2729 pe1·veniens,⁷
657 2649 829 2719 conjunctus
845 2656 887 2706 est
903 2651 1039 2704 amicitiis
1063 2641 1243 2727 supradicti
1259 2650 1367 2705 Alfridi
1390 2651 1467 2718 regis

420 2733 654 2807 Berniciorum‚
677 2736 711 2794 et
734 2740 771 2794 sd
794 2731 864 2813 ejus
885 2730 1058 2808 jussionom⁸
1081 2740 1230 2810 presbyter
1253 2738 1411 2794 ordinatus.

252 2848 378 2924 Hetakes
465 2833 597 2897 Interea
631 2837 729 2908 mota,
753 2837 791 2894 ut
825 2831 976 2915 superius
999 2832 1262 2908 memoravimus,
1286 2833 1375 2895 inter
1399 2833 1467 2895 An-

250 2913 397 3029 fflffidm
417 2935 488 3020 glos
511 2943 545 2999 et
569 2935 682 2998 Seotos
706 2933 886 3017 quaestione
909 2933 949 2996 de
972 2933 1183 2998 observantia·
1205 2933 1346 3008 Paschae,
1369 2956 1466 3018 quam

251 3045 349 3124 senece
363 3055 389 3094 at
419 3043 533 3102 contra
565 3058 688 3100 morem
713 3035 966 3100 ecclesiasticum
999 3034 1230 3099 celebrabant⁹
1254 3035 1353 3112 Secti,
1385 3035 1467 3100 Wil-

254 3114 371 3230 uhrtby.
419 3138 526 3202 fridus
550 3142 663 3201 contra
685 3158 739 3200 eos
763 3141 930 3200 eteorum
955 3136 1129 3212 doctorem,
1146 3136 1365 3201 Colmannum
1390 3136 1466 3200 Lin-

420 3239 638 3304 difarnensem
655 3239 852 3323 episcopum,
876 3238 1063 3302 conflictum
1087 3236 1200 3314 iniit‚¹⁰
1223 3244 1256 3302 et
1272 3245 1469 3324 congregata

419 3343 544 3426 synodo
567 3363 634 3404 non
657 3361 760 3424 parva
783 3340 845 3404 sub
867 3342 1042 3425 praesentis
1077 3363 1201 3426 regum,
1224 3341 1348 3405 seilicet
1364 3341 1467 3405 Oswii

419 3445 476 3528 qui
499 3443 684 3520 Deirorum,
708 3449 742 3506 et
765 3442 825 3505 filii
850 3443 900 3506 sui
925 3443 1047 3506 Alfridi
1072 3445 1129 3528 qui
1153 3443 1379 3508 Berniciorum
1402 3444 1465 3508 sub

350 3535 352 3540 ¹
419 3551 511 3630 patre
535 3566 594 3608 suo
616 3545 750 3630 regebat
784 3566 931 3629 regnum,
963 3547 1161 3609 sententiam
1197 3545 1369 3609 Scotorum
1392 3567 1468 3610 con·

385 3649 387 3653 ’
418 3647 553 3724 futavit,
577 3644 795 3730 sectamque'¹¹
818 3646 1017 3730 reprobavit,
1033 3653 1067 3710 et
1090 3646 1285 3711 catholicam
1303 3645 1468 3711 Paschalis

420 3748 637 3812 observantiae
670 3747 816 3832 regulam
850 3747 1081 3832 promulgavit.
1139 3748 1245 3827 Quem
1277 3748 1466 3812 conflictum

420 3872 440 3913 a
463 3849 651 3912 Venerabili
675 3848 765 3912 Beda
788 3848 973 3913 luculenter
1003 3845 1189 3913 editum'in
1215 3850 1365 3914 Historia
1387 3850 1466 3935 legi-

419 3974 492 4016 mus
514 3951 707 4036 Anglorum.

450 4333 545 4397 lemae]
567 4347 612 4396 per
619 4330 814 4395 resignationem
823 4331 915 4381 Ceddae
998 4334 1169 4399 8Ῑιιιιεὲοπεηι]
1189 4334 1341 4398 missionem,
1354 4337 1386 4389 G.

417 4411 538 4474 episcopi,
550 4413 595 4458 ins.
609 4411 642 4458 Α.
654 4409 685 4456 Β.
700 4410 729 4460 C.
742 4410 774 4460 D.
787 4411 818 4458 E.
830 4411 860 4459 F,
874 4411 905 4461 G.
997 4411 1008 4442 ⁹
1025 4411 1198 4478 celebrabant]
1218 4413 1357 4476 celebrant,
1379 4417 1413 4466 A.
1432 4417 1464 4466 B.

448 4489 459 4520 ³
477 4487 553 4552 υἰαπι]
574 4486 660 4547 vitam,
672 4487 700 4538 C.
713 4487 746 4536 D.
759 4489 788 4538 F.
801 4488 834 4538 G.
963 4489 991 4539 C.
1004 4490 1037 4538 D.
1049 4491 1080 4538 E.
1092 4490 1121 4538 F.
1134 4490 1165 4540 G.

450 4569 460 4600 ⁴
477 4566 554 4630 unde]
575 4581 624 4614 om.
636 4569 670 4615 A.
998 4570 1017 4602 ¹⁰
1036 4572 1106 4638 iniit]
1128 4587 1194 4624 anno
1205 4573 1308 4624 Domini
1326 4587 1464 4630 ocimum.

448 4645 584 4710 ⁵rediens]
604 4646 716 4705 veniens,
737 4649 769 4696 Δ,
789 4649 820 4697 Β.
838 4647 867 4699 Ο.
880 4649 913 4698 D.
963 4651 1009 4700 ina.
1023 4649 1054 4700 G.

415 4726 445 4774 s.
458 4725 487 4774 F.
501 4725 534 4775 G.
935 4752 937 4791 ξ
998 4731 1016 4763 ¹¹
1035 4732 1094 4797 qua]
1114 4749 1164 4784 om.
1177 4736 1219 4794 A..
1232 4737 1278 4787 &a

449 4803 459 4835 ⁸
479 4802 597 4869 Gallias]
618 4804 719 4865 Galliis,
730 4806 779 4854 A(
935 4802 937 4817 '

452 4255 459 4286 ¹
478 4253 547 4320 erat]
568 4269 618 4303 om.
631 4255 665 4302 A.
677 4252 708 4303 B.
720 4254 749 4304 C.
761 4253 794 4301 D.
805 4253 870 4302 EF.
885 4253 915 4304 G.
937 4278 940 4365 p
1001 4255 1011 4292 7
1019 4257 1183 4321 parentans]
1202 4257 1314 4320 veniens,
1325 4260 1360 4308 Α.
