3582 5798
413 905 456 974 to
726 915 808 966 vrrs
830 915 951 965 ssucrr
975 913 1129 965 oswium

241 1123 388 1200 uhemgcl
413 1112 512 1192 toque
536 1107 624 1192 quod
647 1106 846 1171 distinxerat
868 1104 1043 1170 Osweldus
1073 1105 1110 1168 in
1139 1103 1236 1169 lobiis
1269 1102 1347 1179 suis,
1369 1100 1466 1166 illata

241 1190 400 1254 discppsus.
413 1214 492 1274 sunt
523 1207 667 1275 coelestis
698 1207 891 1286 caelestibus,
925 1213 961 1273 et
991 1207 1150 1292 profugus
1180 1206 1331 1272 minister
1362 1203 1465 1268 limen

413 1311 526 1388 subiit,
548 1311 680 1376 veniam
713 1309 941 1396 postulaturus
975 1309 1096 1375 delicti.
1152 1319 1191 1374 nt
1219 1317 1350 1389 exposite
1379 1332 1466 1371 csuss
1477 1323 1595 1382 Eiones,

414 1423 492 1494 fuges
515 1419 658 1478 tremens
692 1422 855 1478 sciscitatus
888 1427 942 1488 est,
975 1426 1152 1476 utrumnam
1175 1420 1236 1492 ipse
1268 1409 1466 1476 advertisset
1477 1403 1502 1452 1>-
1517 1392 1557 1436 ¹2·

245 1517 349 1598 ossele
415 1537 489 1601 quae
523 1515 717 1581 acciderent.
764 1523 806 1578 At
828 1523 898 1578 iile:
923 1522 1064 1586 “Bene''
1087 1521 1193 1594 inquit.
1238 1520 1256 1546 “
1269 1511 1345 1588 Sed,
1369 1511 1467 1576 bene·

245 1597 383 1700 {fifflon
415 1624 432 1650 “
456 1617 565 1682 dictus
587 1615 678 1680 Deus
712 1636 814 1692 meus,
838 1614 905 1694 Qui
939 1615 1135 1679 destitutum
1172 1613 1338 1700 obsequiis
1360 1613 1466 1678 homi·

246 1716 378 1766 theclerk.
416 1726 433 1754 “
455 1739 537 1783 num
566 1717 751 1782 ministerio
781 1716 920 1780 donavit
950 1715 1179 1802 Angelorum.’'
1226 1725 1338 1780 Indixit
1369 1730 1467 1780 tsmcn

414 1821 543 1888 homini
577 1821 822 1898 silentiumne
860 1820 951 1886 fame
988 1819 1177 1905 loqueretur
1214 1820 1346 1906 signum
1379 1817 1467 1904 quod

414 1930 614 2012 acceperant.

485 2171 655 2256 Quomodo
677 2171 867 2238 cwcdcios
885 2194 908 2236 a
925 2179 1055 2260 patruo
1078 2195 1139 2241 sco
1161 2172 1295 2240 soccis
1317 2193 1396 2240 cosm

849 2281 1032 2342 mortuum

251 2446 375 2499 orwclu’s
464 2431 530 2496 Sed
553 2451 620 2496 non
643 2429 755 2516 potuit
777 2429 933 2494 abscondi
956 2430 1036 2494 odor
1063 2431 1151 2508 vitae,
1174 2430 1308 2498 lucerna
1324 2431 1469 2517 justitiae

249 2513 406 2630 dedissetis
420 2554 519 2618 quom
542 2531 807 2597 inflammaverat
829 2530 919 2595 Deus
950 2532 986 2594 in
1009 2531 1116 2596 lucem
1146 2535 1306 2618 gentium,
1329 2533 1387 2598 sed
1420 2533 1470 2596 in-

250 2649 322 2698 uncle
335 2645 399 2698 odo.
418 2634 552 2702 notuit'
568 2636 669 2701 etism
708 2634 829 2700 finibus
865 2640 969 2712 terne,
1002 2634 1223 2721 Angliamque
1259 2657 1327 2702 non
1360 2635 1469 2700 latuit.

420 2737 510 2806 Odor
532 2760 674 2824 numque
698 2737 762 2801 viri
784 2758 879 2801 nares
902 2738 1013 2822 patrui
1036 2738 1088 2802 sui
1111 2738 1267 2824 perflarat
1289 2739 1325 2802 in
1339 2737 1470 2824 Anglio,

419 2845 454 2905 et
476 2841 675 2927 complacuit
696 2840 816 2904 snimae
840 2839 910 2923 ejus
933 2839 969 2903 in
1000 2839 1077 2920 i110;
1099 2840 1353 2926 desideransque
1376 2841 1412 2904 in
1435 2861 1472 2904 eo

420 2943 520 3024 refici,
542 2949 577 3008 et
599 2941 728 3008 odorari
743 2941 877 3006 uberius
900 2941 1007 3006 oleum
1031 2941 1181 3021 effusum,
1199 2943 1346 3030 disponit
1369 2942 1472 3007 Flori-

420 3066 516 3110 ocum
548 3045 689 3124 mittere,
729 3044 870 3130 indeque
899 3044 1089 3109 Oswsldum
1121 3067 1280 3112 revocem.
1341 3046 1472 3110 Proces-

420 3153 508 3213 serst
531 3148 619 3212 enim
641 3147 780 3212 antistes
807 3148 842 3211 in
866 3147 981 3212 diebus
1003 3149 1081 3224 suis,
1104 3155 1139 3214 et
1160 3155 1242 3214 ctas
1271 3151 1399 3216 exitum
1422 3152 1472 3215 in·

420 3250 579 3328 culccbct,
602 3251 740 3335 ideoque
773 3255 927 3336 nepotem
959 3271 1064 3328 suum,
1091 3273 1188 3336 quem
1220 3253 1264 3316 ab
1295 3252 1373 3317 olim
1405 3275 1472 3318 non

420 3352 551 3418 viderat
573 3358 608 3418 et
628 3353 723 3417 unice
746 3352 914 3437 diligebat,
931 3352 1036 3418 redire
1059 3355 1224 3440 praeoepit,
1240 3360 1278 3419 ut
1300 3355 1362 3420 sibi
1388 3363 1473 3422 esset

420 3456 457 3520 in
480 3455 590 3520 aetetis
612 3455 796 3520 subsidium
819 3459 855 3518 et
885 3454 966 3520 vitae
988 3455 1063 3520 aliis
1093 3456 1130 3520 in
1153 3458 1349 3544 exemplum.
1395 3459 1473 3524 Pro-

421 3558 614 3624 ficiscuntur
635 3558 740 3644 igitur
762 3557 874 3622 nuntii
905 3557 1102 3636 Floriocum,
1124 3559 1236 3624 ferunt
1257 3561 1386 3626 itineris
1416 3584 1472 3628 ne-

421 3661 549 3748 gotium
584 3660 698 3725 sbbsti
736 3664 771 3724 et
806 3660 972 3736 fratribus,
1011 3663 1199 3748 traditoque
1233 3665 1279 3728 eis
1319 3665 1473 3731 Oswsldo

422 3763 528 3827 redite
554 3765 779 3848 perrexerunt.
825 3762 857 3826 A
887 3763 1008 3848 quibus
1037 3770 1149 3831 cutem
1174 3765 1349 3832 Oswsldus
1371 3791 1473 3835 reces-

422 3871 518 3942 serat,
541 3887 608 3930 non
631 3865 778 3930 modicus
805 3863 898 3930 dolor
929 3866 1081 3945 involvit,
1105 3869 1261 3954 quoniam
1292 3877 1414 3956 prseter
1436 3893 1475 3938 es

422 3991 496 4056 quae
520 3969 717 4034 intrinsecus
748 3972 851 4044 erent,
875 3967 910 4031 in
934 3971 1090 4034 exteriori
1120 3971 1252 4038 homine
1285 3975 1355 4059 ejus
1389 3976 1474 4039 nihil

423 4093 490 4138 non
512 4071 679 4136 aedifiecns
702 4069 891 4157 cppnrebat.
940 4070 1155 4139 Hilcritstem
1186 4076 1300 4140 vultus
1323 4098 1383 4142 nec
1405 4077 1475 4142 ius·

423 4173 513 4238 cavit
535 4194 660 4251 inseror,
684 4194 744 4238 nec
774 4172 936 4258 levigavit
961 4174 1057 4252 risus,
1079 4175 1176 4242 vultu
1208 4179 1359 4256 effabilis,
1382 4202 1475 4244 man·

423 4280 538 4339 suetus
560 4273 730 4350 consortio,
750 4273 981 4359 disciplinatus
1003 4277 1039 4340 in
1059 4278 1169 4358 verbo,
1194 4281 1325 4365 quietus
1348 4305 1476 4368 semper

425 4377 482 4442 sed
516 4397 686 4461 nunquam
718 4375 849 4440 otiosus.
906 4378 1127 4445 Grodiebstur
1157 4389 1269 4448 cutem
1302 4386 1476 4455 Oswaldus

424 4485 460 4544 et
482 4477 539 4563 qui
562 4477 652 4542 missi
668 4477 807 4554 fuerant,
823 4487 977 4565 citatoque
992 4489 1097 4546 itinere
1120 4493 1217 4550 Dosris
1236 4488 1476 4573 applicuerunt.
1488 4501 1608 4560 ssime,

258 4633 299 4684 Th
426 4582 467 4646 ln
503 4583 602 4666 portu
634 4585 737 4656 erant,
761 4584 795 4642 et
829 4588 925 4646 ecce!
960 4584 1097 4668 spiritus
1135 4589 1285 4672 procellos
1308 4597 1343 4656 et
1364 4583 1530 4659 rumorl'p'
1546 4571 1641 4620 ¹²⁴³·

260 4647 336 4751 reali
425 4681 582 4770 pestilens
604 4681 785 4768 applicatos
816 4690 912 4768 urget
942 4687 1139 4775 naufragari,
1163 4711 1230 4754 non
1259 4693 1330 4778 jam
1364 4695 1399 4760 in
1421 4719 1478 4782 pe-

259 4767 388 4818 D⁰V⁹³⁰¹²
425 4785 500 4874 lsgo
523 4784 580 4850 sed
603 4784 639 4848 in
662 4806 776 4850 sereno
802 4789 1027 4855 ceremoniis.
1074 4791 1194 4857 Fertur
1224 4797 1312 4860 enim
1335 4797 1477 4864 Beatum
