3606 5798
534 903 578 954 ro
600 901 771 956 omissos
794 904 830 954 11.
854 903 970 955 mour
992 904 1150 956 ιιιιιιιιι.
1301 893 1366 958 229

316 1091 508 1178 Apostolioa
529 1091 606 1158 sede
628 1091 772 1170 directis,
806 1091 843 1157 in
865 1091 1089 1158 wintoniensi
1120 1094 1202 1158 urbe
1236 1113 1367 1160 accusa·

315 1198 381 1270 tus,
403 1193 576 1260 convietus
599 1198 634 1258 et
656 1194 834 1279 depositus,
856 1215 878 1258 a
903 1194 1045 1279 superba
1066 1195 1255 1260 temeritate
1282 1195 1366 1260 desi-

316 1295 377 1360 vit.
422 1294 547 1361 Praeter
572 1293 663 1362 huno
683 1295 851 1361 neminem
874 1294 1167 1361 cantuariensium
1200 1297 1364 1383 episeopo·

316 1417 391 1460 rum
413 1401 529 1463 contra
550 1397 661 1462 sedem
684 1397 909 1484 Apostolioam
931 1398 1108 1484 quicquam
1131 1399 1291 1464 invasisse
1313 1399 1368 1465 vel

242 1498 244 1500 ’
315 1499 560 1585 praesumpsisse
590 1499 729 1566 historia
761 1499 815 1565 vel
848 1501 1007 1566 memoria
1039 1499 1223 1566 didicimus.
1269 1500 1368 1566 Unde

316 1605 403 1666 reete
426 1605 461 1666 et
481 1599 619 1686 pulchre
640 1606 753 1668 aetum
774 1606 834 1680 est,
867 1605 908 1666 ut
939 1601 1129 1688 quingentis
1159 1602 1231 1687 jam
1264 1607 1299 1666 et
1330 1623 1368 1666 eo

316 1701 458 1788 amplius
491 1702 595 1780 annis,
619 1701 776 1788 quioquid
810 1701 977 1789 primast
1010 1723 1139 1768 summe
1171 1701 1368 1789 Apostolieae

316 1804 402 1870 sedis
435 1804 615 1872 auctoritas
646 1804 690 1870 ad
727 1803 898 1870 catholicae
930 1803 1009 1870 fidei
1040 1805 1217 1870 veritatem
1251 1805 1368 1872 confir-

315 1907 480 1984 mandam,
517 1907 561 1971 ad
598 1911 721 1972 sanotae
759 1911 794 1971 et
830 1907 1028 1973 universalis
1070 1907 1213 1974 ecclesiae
1255 1929 1369 1994 pacem

315 2008 563 2088 observandam,
601 2008 655 2075 vel
692 2009 736 2075 ed
781 2009 941 2088 bonorum
988 2031 1117 2076 morum
1162 2011 1370 2077 honestatem

315 2111 520 2178 dilatandam
557 2111 593 2176 in
630 2115 777 2196 posteros
815 2111 990 2189 derivaret,
1028 2112 1063 2176 id
1108 2117 1217 2177 totum
1256 2118 1371 2180 sancta

316 2213 563 2279 Oantuariensis
586 2211 722 2278 ecclesie
752 2212 912 2278 inviolate
945 2213 1132 2279 custodiens
1164 2236 1223 2299 per
1257 2235 1370 2280 omnes

315 2315 566 2382 Britanniarum
597 2318 709 2401 partes
741 2313 829 2379 inter
866 2314 1020 2381 subditos
1056 2313 1265 2402 praedicaret.
1326 2315 1370 2380 Et

314 2419 388 2505 quis
411 2417 483 2494 erit,
506 2416 561 2484 vel
583 2417 685 2483 etiam
708 2421 830 2483 nostras
853 2417 959 2503 partis
981 2412 1129 2482 summus
1152 2417 1368 2494 adversarius,

314 2520 372 2606 qui
395 2519 483 2586 infra
505 2524 556 2584 tot
578 2540 742 2585 annorum
765 2519 876 2604 spatia
898 2519 991 2593 aliud
1021 2519 1197 2606 quiequam
1230 2519 1271 2584 de
1293 2540 1368 2584 nos-

314 2628 368 2688 tra
404 2621 539 2688 ecclesia
576 2642 611 2685 se
648 2620 802 2687 didicisse
840 2621 964 2686 audeat
993 2621 1169 2687 confiteri?
1230 2621 1369 2707 Nempe,

314 2723 411 2809 quod,
435 2743 515 2808 pace
536 2727 655 2800 vestra,
679 2722 809 2789 dietum
841 2722 884 2788 iri
918 2724 1075 2809 potuerit,
1110 2723 1184 2808 quis
1216 2727 1368 2788 veterum

313 2823 526 2890 historiarum
557 2829 678 2890 nostra
717 2823 861 2890 ecclesiae
899 2825 1016 2892 seriem
1046 2845 1142 2890 nosse
1180 2825 1368 2903 contendat,

314 2934 382 2994 tam
406 2927 599 2994 diuturnam
621 2934 657 2995 et
685 2933 844 2996 aeternam
879 2928 967 2994 inter
999 2928 1109 2996 sedem
1143 2929 1368 3015 Apostolioem

298 3036 347 3098 ,et
369 3028 539 3096 eeclesiam
562 3029 835 3096 Centuariensem
858 3031 1007 3116 repperit
1029 3031 1306 3108 benevolentiam,
1329 3037 1369 3096 ut

312 3153 379 3200 non
398 3133 469 3218 jam
503 3131 598 3218 quasi
633 3130 724 3208 duas,
759 3131 878 3209 idest,
901 3130 993 3198 illam
1029 3133 1188 3218 majorem
1211 3139 1246 3198 et
1268 3133 1368 3198 istam

311 3235 473 3302 minorem
491 3232 717 3320 judicaverit;
739 3233 806 3312 sed,
822 3240 986 3320 quantum
1009 3235 1053 3301 ad
1075 3235 1207 3322 imperii
1233 3239 1268 3301 et
1291 3236 1366 3300 obe-

312 3337 447 3404 dienuae
482 3336 621 3403 eandem
652 3335 776 3402 attinet
810 3335 1028 3415 voluntatem,
1066 3337 1230 3404 illamt
1196 3344 1230 3404 et
1268 3337 1366 3403 istam

312 3460 413 3506 unam
437 3442 472 3504 et
493 3439 632 3504 eandem
655 3461 725 3504 esse
748 3439 940 3526 putaverit;
974 3439 1070 3507 facile
1101 3461 1244 3526 namque
1279 3441 1367 3506 mter
1378 3439 1539 3506 cmurbmy

312 3537 578 3607 Christianorum
600 3539 728 3606 animos
746 3540 909 3626 justum
900 3541 1074 3627 1mperium
1091 3545 1126 3606 et
1140 3541 1365 3607 voluntarium
1378 3509 1500 3625 {oetffin
1482 3513 1538 3558 Μ’

313 3642 488 3708 obediendi
526 3642 722 3727 obsequium
760 3642 941 3708 multorum
979 3647 1149 3728 comparat
1193 3643 1401 3708 unitatem.W
1378 3641 1524 3690 wuatuom
1524 3655 1539 3689 θ

313 3745 414 3811 Ροιιο
430 3743 520 3830 quod
534 3743 641 3810 Roma
662 3742 862 3822 (lantuariee,
884 3744 920 3808 id
944 3742 1126 3810 Oantuaria
1148 3743 1212 3809 toti
1235 3744 1367 3808 Britan·
1378 3707 1504 3826 mosangen

313 3847 379 3914 niae
403 3846 579 3913 voluntate
601 3849 636 3910 et
669 3845 829 3912 beneficio
862 3845 1074 3911 ministravit.
1130 3845 1230 3911 Unde
1263 3845 1404 3932 igitur²⁰
1405 3841 1492 3904 toury.

314 3949 532 4016 obscuratione
553 3953 599 4013 ost
621 3967 761 4024 oudone,
785 3953 814 4012 et
835 3952 990 4013 mutatus
1016 3953 1061 4014 eat
1084 3946 1173 4014 color
1195 3947 1367 4034 optimus?

139 4029 175 4064 w
203 4049 211 4067 ¹
316 4051 457 4120 Astatia
501 4049 624 4137 quippe
658 4053 694 4116 et
725 4049 890 4116 delatione
934 4049 1104 4114 hominum
1149 4049 1363 4135 pauculorum
1377 4055 1507 4121 Whyhas

311 4154 484 4223 excellent
459 4159 508 4220 tra
540 4156 699 4219 vestrat
684 4152 820 4219 turbata
853 4157 911 4228 est,
943 4155 977 4216 et
1008 4172 1138 4216 rumore
1171 4152 1361 4218 novitatum
1373 4123 1514 4256 hallin?

312 4261 417 4322 tantae
440 4253 672 4320 diuturnitatis
702 4254 874 4321 concordia
889 4254 991 4340 coepit
1005 4251 1173 4339 paulisper
1195 4253 1363 4340 infirmata

314 4357 458 4424 delicere.
505 4355 550 4422 Et
582 4355 649 4421 nisi
683 4355 762 4442 quia
799 4356 871 4422 Deo
901 4355 1116 4442 permittente
1137 4355 1220 4421 adeo
1253 4357 1365 4442 potuit

313 4459 527 4548 praesentium
550 4457 679 4523 dierum
713 4457 850 4535 malitia,
882 4457 1057 4544 indignum
1095 4463 1168 4522 erat
1205 4463 1244 4523 ut
1277 4458 1367 4524 dela-

315 4570 427 4629 torum
449 4559 584 4626 novitas
606 4565 705 4626 tanta
727 4559 888 4626 facilitate
920 4561 955 4624 in
988 4564 1135 4625 nostram
1167 4566 1372 4647 grassaretur

321 4661 485 4750 injuriam,
525 4666 560 4726 et
592 4661 714 4728 Christ
689 4666 792 4728 tianae
824 4659 914 4749 paois
948 4660 1166 4728 confunderet
1197 4663 1370 4732 unitatem.

141 4769 220 4890 ξὸιοι.
213 4773 295 4828 ,ιιι
316 4766 416 4836 Ροιιο
438 4785 514 4835 eum
537 4764 696 4854 scriptum
729 4765 794 4831 sit:
759 4763 877 4832 tNe
908 4762 1176 4853 troosprediruis
1206 4765 1369 4836 renniaco
