3606 5798
658 897 878 948 rsonmssor
900 899 1035 948 sonore
1307 886 1371 950 305

319 1089 534 1162 attometum,
558 1091 592 1150 et
619 1086 732 1151 eodem
766 1107 841 1173 rege
877 1085 1017 1152 Ricardo
1051 1085 1086 1148 in
1109 1084 1206 1148 Turri
1234 1085 1371 1150 London

319 1185 445 1252 incluso
483 1187 592 1252 medio
630 1193 777 1274 tempore
789 1213 797 1267 ;
835 1194 869 1252 ct
911 1194 1023 1254 temen
1061 1186 1256 1253 fidelitatem
1293 1183 1371 1252 ante

319 1289 425 1353 eidem
447 1290 517 1376 regi
534 1290 675 1356 Ricardo
694 1291 824 1374 juravit
839 1291 875 1354 in
897 1290 1212 1377 pressentiadomini
1236 1288 1370 1354 Thomae

318 1389 479 1455 Arundell
502 1391 741 1478 archiepiscopi
766 1391 1023 1476 centuariensis,
1047 1397 1082 1457 et
1105 1391 1286 1458 multorum
1309 1413 1369 1456 no-

318 1492 445 1558 bilium·
1382 1537 1406 1581 2.
1423 1533 1537 1586 Because

363 1597 391 1658 2.
416 1593 511 1670 Item,
527 1594 659 1682 optavit
673 1595 761 1660 idem
776 1595 1048 1682 archiepiscopus,
1066 1595 1225 1660 Ricardus
1239 1595 1368 1681 Sempe,
1380 1597 1413 1648 110
1425 1601 1521 1651 wishes

317 1696 404 1781 quod
428 1716 546 1762 corona
568 1698 661 1782 regni
679 1697 909 1762 restitueretur
927 1703 1024 1764 mete
1043 1697 1148 1776 lineos,
1172 1697 1226 1762 vel
1249 1697 1367 1775 cursui,
1380 1665 1537 1796 ppegpffie

315 1803 350 1864 et
372 1797 508 1864 ecclesio
529 1799 715 1884 Angiicsnu
737 1799 874 1866 heberet
898 1821 973 1866 sues
997 1799 1177 1878 libertates
1193 1799 1368 1886 privilegio
1380 1797 1448 1863 right
1459 1799 1519 1860 line,

316 1905 351 1965 et
372 1901 625 1966 consuetudines
655 1901 836 1968 secundum
854 1901 964 1986 justas
998 1901 1085 1988 leges
1120 1900 1213 1990 regni
1236 1865 1513 1990 Angliaessfflssifto

283 2023 290 2036 ·
315 2001 519 2090 abantiquo
542 2003 690 2068 usitatos.
1379 1997 1490 2127 232²ss

361 2105 390 2168 3.
415 2103 511 2182 Item,
534 2104 623 2189 quod
645 2104 772 2170 domim
802 2103 896 2190 regni
919 2109 954 2170 et
976 2109 1147 2190 magnetes
1175 2104 1367 2192 Judresren·
1380 2158 1403 2204 θ’
1420 2155 1533 2207 Because

315 2195 384 2268 tur'
404 2225 463 2291 per
494 2226 588 2292 peres
619 2226 695 2272 suos
729 2227 804 2272 oum
837 2205 1072 2274 deliberatione
1100 2205 1193 2292 justa
1226 2205 1366 2272 aliorum
1378 2221 1410 2270 he
1421 2222 1520 2272 uenires

315 2307 523 2375 dominorum
545 2309 613 2374 illis
635 2310 822 2396 aequnlium.
1378 2287 1514 2416 iffi,

360 2414 388 2475 4.
413 2409 508 2488 Item,
532 2412 620 2496 quod
643 2412 749 2478 clerus
772 2417 806 2478 et
829 2412 1049 2479 communitas
1081 2411 1175 2498 regni
1208 2433 1275 2476 non
1298 2411 1367 2476 sint
1379 2421 1469 2500 should
1480 2423 1514 2488 be

314 2511 457 2596 oppressi
483 2533 542 2598 per
563 2513 752 2580 exactiones
776 2519 810 2580 et
836 2519 933 2580 taxes
956 2513 1166 2590 deeimarum,
1191 2489 1526 2618 quintade-³,1¹}}5‘{‘1‘}e}}{s

314 2613 481 2691 cimorum,
517 2619 552 2678 et
584 2613 815 2695 subsidiorum,
839 2637 900 2682 nec
934 2637 993 2701 per
1024 2614 1107 2680 elias
1138 2613 1365 2700 impositiones
1378 2649 1402 2693 4,
1420 2615 1536 2698 Bm„

314 2713 455 2799 iniquos,
479 2737 517 2780 eo
549 2715 646 2780 modo
681 2737 747 2802 quo
774 2717 846 2802 jem
880 2717 1121 2804 opprimuntur.
1167 2715 1266 2781 Anno
1289 2721 1365 2802 post
1377 2711 1410 2761 ¹¹⁰
1420 2712 1536 2774 objecteu

313 2818 558 2884 coronationem
589 2840 684 2886 suem
706 2819 794 2884 idem
827 2841 887 2884 rex
910 2820 1029 2886 hebuit
1061 2841 1162 2884 unum
1194 2819 1364 2896 decimum,
1377 2785 1518 2896 griffi

313 2923 348 2983 et
369 2919 550 3006 aliquando
583 2920 666 2986 dues
697 2920 734 2986 in
765 2941 832 2986 uno
865 2941 963 2998 anno,
997 2920 1075 2986 licet
1107 2919 1143 2984 in
1177 2920 1283 3006 primo
1314 2923 1365 2986 in·
1378 2911 1439 2962 tion.

313 3021 417 3086 troitu
436 3021 568 3108 juravit
598 3022 685 3086 idem
710 3044 779 3100 reX,
803 3023 892 3108 quod
923 3023 959 3086 in
992 3029 1140 3110 temporo
1174 3022 1255 3088 vitae
1287 3045 1366 3100 suae,

313 3122 349 3186 in
371 3129 534 3209 quantum
568 3124 729 3210 impedire
760 3126 872 3212 possit,
896 3126 985 3214 quod
1018 3145 1190 3210 nunquam
1224 3125 1367 3209 solveret

313 3225 447 3292 ecclesia
485 3226 671 3313 Anglicune
710 3227 882 3306 decimum,
904 3250 965 3294 nec
999 3227 1142 3314 populus
1176 3233 1307 3294 taxum:
1332 3234 1366 3294 et

313 3329 405 3394 istud
422 3329 554 3414 juravit
588 3331 624 3394 In
647 3335 753 3396 oestro
777 3331 817 3396 de
842 3329 1079 3418 Knaresburgh
1109 3330 1210 3416 juxta
1244 3330 1365 3398 Eboro-

312 3451 395 3496 cum.
1523 3503 1531 3524 ·

358 3537 387 3596 5.
412 3531 507 3610 Item,
541 3531 638 3616 quod,
666 3553 785 3598 corona
822 3533 979 3600 restitute
1012 3537 1110 3600 rootae
1142 3531 1247 3610 lineae,
1282 3535 1363 3600 certi
1377 3546 1401 3592 ⁵·
1419 3545 1532 3620 Because

311 3633 483 3718 sepientes,
519 3631 577 3718 qui
609 3633 720 3700 sciunt
751 3633 890 3700 honores
922 3643 956 3702 et
987 3635 1148 3701 heberent
1181 3635 1362 3714 scientiam,
1376 3609 1532 3741 flfflgedw

310 3735 558 3820 assignarentur
570 3759 578 3814 ;
609 3736 666 3802 olii
691 3736 803 3822 cupidi
835 3743 870 3802 et
900 3737 993 3804 everi
1027 3758 1066 3802 ec
1099 3734 1276 3812 ambitiosi,
1303 3737 1361 3822 qui
1374 3742 1507 3806 havepre»

311 3835 430 3901 volunt
453 3835 560 3902 dicere
583 3841 619 3902 et
643 3837 749 3904 fecere
773 3859 847 3923 quae
870 3838 940 3924 regi
971 3838 1103 3924 placent
1126 3843 1161 3902 et
1191 3857 1257 3901 non
1281 3838 1360 3918 Deo,
1373 3823 1508 3924 pplrlffim

309 3939 367 4003 sed
389 3941 429 4002 ut
451 3937 585 4024 ipsimet
607 3937 803 4016 ditarentur,
826 3945 1067 4004 amoverentur.
1374 3995 1398 4040 6·
1415 3989 1483 4040 m

355 4041 384 4103 6.
409 4039 504 4118 Item,
527 4037 616 4125 quod
631 4039 841 4106 vicecomites
863 4041 899 4105 in
914 4040 1062 4128 quolibet
1077 4038 1236 4105 comitutu
1259 4039 1360 4108 libere
1373 4055 1523 4107 nesteron

309 4141 510 4228 eligerentur
540 4139 665 4228 absque
696 4143 864 4210 coercione
896 4143 1022 4209 domiui
1052 4141 1139 4228 regis
1174 4162 1232 4206 seu
1267 4141 1360 4210 bero·
1373 4123 1507 4174 ⁸h⁰¹¹¹db⁸

308 4265 388 4307 num
1372 4191 1491 4306 sem

352 4344 380 4410 7.
405 4343 500 4422 Item,
524 4343 614 4428 quod
637 4343 785 4428 barones,
809 4346 944 4426 nobiles,
968 4351 1002 4412 et
1023 4349 1242 4414 communitas
1264 4349 1359 4465 regni
1372 4348 1405 4463 17Ίέ
1416 4346 1529 4464 {gfff

308 4445 344 4509 in
366 4445 434 4508 suis
458 4445 565 4510 causis
588 4445 751 4512 haberent
781 4447 817 4512 in
839 4449 1057 4536 parliamento
1080 4449 1217 4516 liberem
1250 4453 1423 4539 dispo-free
1435 4481 1521 4530 action

307 4545 408 4610 nendi
430 4545 633 4614 fucultatem.
1371 4545 1500 4662 {peppin-
