3410 5840
528 907 627 958 mvss
650 909 693 957 cr
716 907 786 957 uns
809 907 1055 958 succursuors.
1163 912 1169 921 ·
1238 891 1299 957 521

87 1110 226 1174 Hughpp·
252 1107 301 1164 sed
324 1124 381 1171 eas,
405 1105 555 1162 molimine
578 1111 608 1161 et
631 1106 772 1162 instinctu
808 1105 964 1161 Lansrauci
987 1103 1207 1177 archiepiscopi,
1224 1103 1303 1158 idem

86 1183 173 1228 los-9.

252 1215 303 1254 rex
326 1198 353 1252 ei
376 1197 505 1252 abstulit.
552 1195 648 1252 Annis
680 1195 811 1268 pluribus
845 1195 992 1252 canonicis
1025 1195 1218 1250 communiter
1240 1210 1302 1248 res·

254 1287 385 1343 centibus
420 1285 540 1342 consilio
573 1285 753 1358 quorundam
778 1286 888 1357 placuit
910 1285 1124 1358 archiepiscopo
1158 1284 1194 1340 de
1227 1287 1305 1339 terra

256 1376 357 1432 Sancti
395 1375 485 1442 Petri,
525 1392 590 1448 quaa
628 1375 755 1430 multum
801 1375 895 1431 adhuc
941 1381 1024 1430 vasta
1068 1379 1140 1440 erat,
1180 1373 1305 1443 singulis

255 1463 425 1538 praebendas
441 1465 554 1536 partiri.
594 1465 641 1520 Ita
652 1457 740 1520 enim
756 1460 791 1520 eb
806 1464 1011 1520 canonicorum
1026 1481 1164 1520 numerus
1180 1479 1305 1518 crescere

255 1561 361 1628 posset,
385 1559 415 1610 et
438 1556 569 1626 quisque,
594 1555 670 1609 sicut
697 1573 749 1626 pro
781 1573 820 1620 se,
849 1559 962 1626 purtem
994 1572 1075 1608 suam
1098 1551 1254 1608 studiosius
1277 1557 1307 1606 et

258 1645 415 1700 {edificaret
448 1649 478 1699 ct
509 1644 662 1700 excoleret.
721 1643 803 1713 Quod
837 1646 931 1700 etsie
971 1645 1079 1700 iactum
1111 1648 1163 1699 est.
1225 1641 1307 1697 Tunc

258 1725 391 1811 quidem
414 1735 517 1790 statuit
539 1733 691 1800 decanum,
706 1733 928 1799 thesaurarium,
945 1739 1102 1799 cantorem,
1119 1733 1192 1788 daus
1204 1732 1307 1804 cuique

258 1815 475 1902 possessiones
509 1823 608 1893 digne,
648 1827 678 1878 et
714 1824 854 1888 ecclesiae,
893 1827 923 1878 et
960 1841 1023 1890 suo,
1057 1829 1087 1878 et
1120 1839 1308 1896 personarum

259 1915 377 1969 honore.
423 1912 597 1984 Magistrum
613 1913 756 1968 scolarum
768 1911 830 1983 jam
846 1917 931 1968 antea
947 1916 1095 1968 statuerat.
1141 1912 1310 1976 Ecclesiam,

260 2021 325 2076 quas
363 2020 441 2058 nnnc
478 2007 532 2068 est,
572 2002 706 2056 fundavit
737 2007 768 2057 et
802 2002 881 2068 fecit,
905 2009 934 2058 et
957 2019 1021 2058 eam
1052 2019 1104 2073 pro
1142 2017 1225 2074 posse
1260 2017 1311 2055 suo

260 2093 383 2158 clericis,
408 2092 499 2156 libris,
523 2091 702 2147 ornamentis
725 2091 841 2148 ornavit
862 2096 892 2147 et
926 2091 1064 2158 munivit,
1096 2109 1156 2148 uon
1178 2097 1240 2146 tam
1263 2107 1311 2146 eu·

261 2181 384 2252 juslibet
404 2182 448 2236 rei
471 2187 557 2252 quam
580 2180 670 2236 bonos
693 2185 723 2236 et
744 2181 880 2237 honestos
903 2181 1021 2238 elericos
1043 2181 1168 2236 habendi
1191 2179 1313 2252 cupidus

262 2273 327 2326 fuit.
382 2270 467 2328 Vixit
488 2275 586 2326 autom
609 2271 640 2325 in
674 2269 923 2342 archiepiscopatu
957 2271 1042 2326 annis
1065 2261 1132 2327 fere
1154 2287 1232 2336 xxx,
1257 2287 1313 2341 quo
1382 2339 1389 2352 ⁸

263 2379 316 2417 noc
338 2361 413 2416 alter
435 2361 585 2432 episcopus
608 2365 738 2432 tempore
761 2379 812 2416 suo
835 2379 956 2432 persona
979 2360 1136 2426 decentior,
1159 2377 1213 2416 nec
1233 2375 1314 2430 mag·

263 2453 309 2506 uis
334 2457 363 2506 et
399 2449 529 2505 minimis
554 2449 648 2520 magis
672 2449 850 2505 unanimiter
873 2449 1005 2517 dilectus,
1031 2451 1100 2522 quia
1132 2467 1187 2506 nec
1221 2448 1315 2519 magis

265 2537 403 2609 liberalis,
425 2558 479 2594 nec
503 2527 601 2594 minus
624 2543 765 2606 austerus,
799 2557 893 2612 neque
928 2539 1104 2612 quibuslibet
1125 2540 1158 2596 in
1181 2539 1263 2595 seriis
1285 2543 1316 2594 et

261 2629 335 2701 jocis
350 2629 480 2684 honestis
494 2629 588 2700 magis
604 2635 822 2685 consentaneus.
880 2630 1029 2685 Postremo
1058 2631 1090 2684 in
1105 2630 1240 2686 omnibus
1256 2629 1316 2684 iere

266 2725 296 2776 et
311 2719 454 2784 amabilis,
470 2723 500 2774 et
516 2717 679 2785 laudabilis,
696 2724 726 2774 et
740 2719 922 2776 reverendus.

309 2808 438 2864 Henrico
469 2825 538 2879 rege
569 2823 661 2864 nonas
694 2808 823 2879 Augusti
860 2815 1037 2876 consecrato,
1069 2815 1100 2865 et
1132 2826 1192 2864 uon
1225 2807 1318 2864 multo
1330 2809 1414 2888 Desit
1426 2809 1477 2860 and

266 2903 332 2970 post
345 2898 486 2956 Auselmo
509 2897 725 2970 archiepiscopo
746 2898 884 2954 mandatu
905 2899 983 2969 regis
1006 2899 1043 2954 ab
1064 2899 1152 2954 exilio
1174 2901 1318 2962 revocato,
1331 2877 1432 2996 {pptaph
1444 2874 1474 2925 οἱ

244 2989 391 3044 ''l'homas
407 2987 650 3058 archiepiscopus,
668 2987 742 3042 xiiii.
759 2988 897 3044 kalendas
920 2980 1047 3060 proximi
1070 2987 1248 3054 Decembris,
1264 2983 1319 3042 ‘die
1371 2957 1448 2994 mm

268 3076 432 3142 Dominica,
457 3080 529 3130 ποοῦ
553 3093 641 3144 anno,
665 3077 791 3132 Eboraci
822 3077 905 3145 obiit,
929 3075 964 3134 et
986 3068 1023 3134 in
1039 3069 1180 3135 ecclesia
1203 3067 1320 3134 Sancti

268 3155 357 3222 Petri
382 3155 521 3221 Eboraci
544 3156 693 3242 sepultus
718 3163 776 3222 est.
823 3164 913 3237 Cujus
936 3166 1119 3240 epitaphium
1140 3168 1196 3224 hoc
1218 3172 1282 3224 est:

314 3305 391 3362 Orba
412 3305 472 3378 pio,
495 3303 616 3360 viduata
637 3305 713 3360 bono
736 3309 860 3377 pastore,
884 3311 1016 3378 patrono,
1129 3332 1132 3340 ·

358 3395 436 3451 Urbs
459 3394 588 3450 Eboraca
611 3393 700 3461 dolet,
725 3395 775 3450 vix
797 3395 933 3451 habitura
955 3413 1064 3468 parem.

315 3485 419 3554 Qualis
440 3483 491 3540 vix
513 3484 577 3551 uui,
602 3503 735 3556 persona,
759 3484 891 3552 scientia,
914 3485 986 3552 vita,

361 3573 554 3644 Contigerant
576 3573 695 3630 Thcmae
718 3574 836 3642 nobilis,
860 3575 930 3639 alta,
955 3575 1040 3631 bona.

318 3663 458 3730 Canities,
481 3662 583 3718 hilaris
605 3663 705 3728 iacies,
729 3667 841 3719 statura
863 3669 996 3731 venusta,

363 3751 500 3824 Angelici
522 3752 622 3808 vultus
645 3752 782 3824 splendor
804 3757 834 3808 et
856 3753 949 3808 instar
972 3759 1042 3809 erat.

322 3842 379 3896 Hic
401 3857 523 3896 numero
545 3845 632 3911 atque
655 3841 741 3897 modo
764 3841 904 3898 doctrinae
927 3859 977 3898 seu
1000 3841 1154 3915 probitatis

367 3930 495 3986 Clericus
518 3929 613 3984 omnis
636 3936 708 3997 erat,
732 3931 779 3986 rel
803 3931 897 4002 magis
920 3931 1133 3990 omnishomo.

322 4022 395 4078 Haec
418 4019 520 4075 domus
543 4025 573 4076 at
596 4021 690 4075 clerus
712 4020 766 4076 sub
788 4024 870 4076 tanto
893 4022 1017 4093 proesule
1040 4023 1120 4090 salix,

367 4111 454 4165 Paeue
477 4109 554 4180 quod
577 4114 622 4164 est
644 4115 674 4166 et
696 4109 793 4179 habet,
816 4111 946 4166 muueris
969 4129 1056 4170 omne
1078 4111 1124 4168 sui
1147 4117 1200 4168 est.

324 4199 442 4257 Octavis
466 4199 567 4254 Sancti
590 4199 713 4254 Martini
735 4200 853 4256 transiit
875 4201 936 4266 illo,

370 4289 425 4345 Cui
448 4289 557 4360 pietate
580 4289 635 4344 Dei
659 4289 698 4345 sit
721 4307 816 4347 comes
840 4289 872 4346 in
895 4289 1017 4364 requie!

326 4427 400 4484 Sede
423 4443 515 4498 usque
537 4425 575 4482 ad
596 4426 759 4498 proximam
793 4427 990 4500 Epiphaniam
1012 4435 1144 4496 vacante,
1175 4430 1333 4486 translatus
1346 4428 1468 4482 Archbia

281 4522 325 4574 est
348 4517 379 4571 in
402 4534 466 4572 eam
491 4513 630 4572 Girarrlus
662 4513 865 4573 Herlordsnsis
887 4517 1047 4590 episcopus,
1072 4519 1127 4591 qui·
1145 4521 1239 4576 fuerat
1260 4519 1333 4576 Wil·
1346 4492 1505 4564 mmm·

282 4607 363 4663 lclmi
386 4606 478 4664 Primi
502 4611 532 4660 et
555 4606 682 4662 Secundi
711 4625 814 4677 regum
838 4608 1038 4674 cancellarius,
1063 4610 1185 4667 clericus
1216 4611 1334 4682 quidem

282 4695 405 4754 scientia
427 4701 457 4752 et
478 4695 645 4767 eloquentia
666 4701 796 4768 tempore
812 4715 863 4752 suo
886 4697 962 4752 nulli
985 4705 1036 4754 aut
1059 4701 1158 4771 paucis
1181 4701 1334 4766 secundus,

284 4793 315 4844 et
336 4787 386 4858 qui
409 4785 538 4856 Virgilio
561 4786 592 4838 in
616 4793 719 4851 metro,
736 4791 766 4841 et
789 4787 885 4841 Tullio
908 4787 939 4842 iu
964 4807 1048 4860 prosa
1069 4808 1173 4860 parum
1196 4789 1335 4848 cessisset.

285 4867 354 4934 Hie
385 4865 491 4954 igitur
513 4865 566 4932 vir
592 4866 724 4953 sapiens
747 4871 781 4931 st
804 4867 962 4934 dnsertus
985 4878 1022 4934 ad
1044 4880 1251 4953 requirendum
1272 4881 1337 4954 pal-
