3606 5798
636 892 857 949 sscsmsnor
879 895 1016 945 scaora.
1149 885 1152 892 ’
1284 880 1364 944 303-
1392 921 1395 930 ·

241 1095 246 1102 ·
301 1075 404 1143 scitur
436 1097 457 1142 a
488 1077 631 1144 dominis
664 1079 770 1166 regni,
804 1079 862 1144 sed
899 1079 1033 1165 penitus
1069 1079 1251 1166 ignoratur,
1283 1103 1348 1166 quo
1361 1088 1497 1166 Extortion

294 1177 464 1264 praedictas
501 1181 658 1264 pecuniae,
692 1181 740 1246 sic
772 1179 925 1264 nequiter
955 1201 1014 1266 per
1050 1179 1160 1266 ipsum
1198 1187 1346 1262 extortae,
1359 1171 1422 1272 {⁸152
1429 1172 1502 1276 ἓξὲξ

299 1279 513 1357 devenerunt,
536 1284 597 1345 ant
631 1301 696 1366 quo
719 1281 866 1361 vadunt3
896 1281 975 1366 quia
1005 1281 1169 1348 militibus
1191 1287 1226 1347 et
1248 1285 1347 1348 armi·
1359 1289 1429 1339 them
1441 1291 1463 1341 is
1475 1308 1510 1343 no

166 1422 171 1433 -
299 1381 388 1466 geris
410 1401 471 1466 pro
502 1401 616 1446 eorum
648 1381 816 1450 laboribus
849 1387 884 1446 et
906 1382 1059 1468 expensis
1080 1382 1174 1463 nihil,
1199 1389 1239 1448 ut
1260 1371 1459 1451 asse-”³⁰¹¹‘l'

300 1485 391 1558 runt,
414 1481 462 1546 eis
494 1481 613 1562 datur;
644 1482 775 1568 populis
800 1503 878 1550 vero
913 1481 1078 1549 ruralibus
1114 1489 1149 1550 et
1173 1485 1345 1552 mediocri-

298 1582 360 1648 bus
394 1583 542 1669 personis
576 1605 635 1670 pro
667 1599 780 1652 eorum
803 1585 1003 1652 victualibus
1035 1608 1152 1672 parum
1184 1588 1239 1652 vel
1261 1588 1347 1654 nihil

296 1683 455 1763 solvitur3
492 1690 527 1752 et
558 1691 671 1752 tamen
702 1686 821 1752 infelix
842 1693 876 1752 et
908 1688 1008 1752 miser
1030 1687 1143 1766 clema,
1167 1693 1202 1753 et
1236 1689 1347 1756 infeli-

297 1787 368 1854 cior
390 1793 425 1852 et
447 1788 650 1854 miserrimus
673 1788 814 1875 populus
845 1811 974 1875 semper
995 1789 1040 1856 ad
1070 1790 1266 1856 solvendum
1288 1813 1347 1878 per

294 1887 425 1954 minas¹
448 1895 483 1955 et
514 1912 630 1977 poenas
662 1889 870 1978 compellitur
892 1896 927 1957 et
960 1895 1096 1957 artatur.
1143 1892 1238 1959 Tales
1261 1895 1348 1960 solu·

297 1989 405 2058 tiones
444 1992 586 2077 injustas
625 1998 660 2058 et
696 1998 829 2058 exactas
866 1998 902 2058 et
938 1993 1132 2059 vexationes
1169 1995 1344 2074 indebiter,
1440 2045 1443 2052 .

302 2097 374 2159 tam
406 2093 596 2180 spirituales
619 2094 762 2161 inolere
786 2115 886 2182 quam
916 2095 1111 2180 temporales
1145 2095 1182 2160 in
1212 2097 1343 2183 populo,

301 2201 538 2282 temporeque
562 2197 626 2261 sibi
657 2217 810 2264 coronam
834 2197 1018 2284 usurpavit,
1048 2197 1090 2262 de
1112 2203 1231 2264 caetero
1262 2200 1346 2285 pub·

297 2294 359 2362 lice
377 2295 509 2382 juravit
550 2297 587 2362 in
621 2319 722 2384 regno
756 2318 824 2363 non
855 2298 999 2376 fiendas:
1039 2318 1083 2362 ex
1120 2299 1241 2384 quibus
1277 2321 1345 2366 non

297 2397 403 2463 solum
437 2404 531 2484 patet
554 2399 625 2484 ejus
657 2395 872 2466 manifestum
906 2404 942 2465 et
975 2399 1205 2466 continuatum
1234 2402 1344 2487 perju-

295 2500 395 2578 rium,
416 2503 634 2584 verumetiam
657 2505 793 2587 propter
814 2502 886 2588 ejus
919 2501 1104 2568 indebitam
1126 2507 1161 2569 et
1182 2503 1344 2588 injustam

295 2601 440 2670 ecclesiae
456 2602 520 2668 Dei
545 2603 756 2670 vexationem
771 2603 947 2669 incurrisse
969 2605 1342 2673 excommunicationem

294 2705 513 2771 manifestam.
559 2703 658 2772 Unde
681 2705 744 2784 hic,
766 2707 854 2772 sicut
876 2707 913 2770 in
935 2707 1062 2772 oaeteris
1078 2707 1230 2773 omnibus
1252 2709 1343 2775 Arti-
1356 2720 1406 2770 For
1417 2721 1469 2771 thir
1480 2723 1514 2775 he

288 2807 374 2880 ‚culis
421 2807 572 2892 superius
618 2809 815 2885 memoratis,
853 2807 962 2894 ipsum
994 2809 1252 2888 denunciamus
1276 2803 1492 2906 nonffiffi'

293 2909 399 2976 solum
427 2909 495 2975 fore
522 2910 700 2995 perjurum,
727 2911 945 2977 verumetiam
972 2913 1304 2981 excommunicatum.

338 3011 481 3077 Duellio
505 3027 546 3076 Er
569 3027 710 3090 ULTIMO,
733 3012 896 3099 ponimus,
920 3013 1060 3079 dicimus
1092 3019 1126 3080 et
1144 3016 1282 3100 publice
1304 3018 1340 3082 in
1357 3027 1395 3100 19·
1413 3023 1462 3076 We

297 3112 351 3178 his
386 3115 517 3201 scriptis
549 3119 780 3199 protestamur,
811 3136 879 3193 nos,
902 3119 1129 3201 procuratores
1151 3120 1341 3204 supradicti,
1353 3090 1474 3207 fflelsso

290 3217 468 3302 pronobis
491 3223 526 3282 et
548 3217 642 3283 vobis
676 3217 713 3282 in
736 3217 797 3284 hac
831 3239 930 3282 causa
951 3218 1109 3284 Romanae
1140 3220 1283 3286 ecclesiae
1307 3223 1489 3300 eecmpgein

299 3317 502 3404 Anglicanae,
527 3319 653 3404 domini
687 3319 773 3406 regis
811 3319 954 3398 Ricardi,
992 3341 1126 3386 suorum
1164 3290 1467 3420 haeredmgprrlppal

298 3419 377 3487 cleri
401 3427 435 3485 et
449 3419 565 3508 populi
588 3425 623 3486 et
644 3420 749 3486 totius
772 3420 960 3506 reipublicae
974 3421 1068 3508 regni
1089 3423 1195 3488 nostri
1211 3424 1342 3511 Angliae
1355 3437 1466 3487 remus·

295 3522 529 3590 assistentibus
567 3528 602 3587 ct
632 3521 799 3588 adhaerere
821 3521 1023 3600 volentibus,
1050 3523 1139 3609 quod
1170 3546 1238 3590 non
1268 3527 1341 3606 fuit,

299 3630 358 3702 est,
381 3645 442 3691 nec
464 3625 529 3690 erit
552 3623 747 3690 intentionis
769 3623 898 3709 aliquid
919 3623 1025 3690 dicere
1047 3625 1103 3692 vel
1125 3625 1230 3694 facere
1254 3629 1343 3713 quod

210 3763 218 3782 ·
293 3725 392 3792 debet
422 3725 586 3792 offendere
620 3723 764 3810 aliquem
796 3728 921 3790 statum
943 3724 1164 3810 praelatorum,
1186 3727 1342 3814 spiritua-

290 3827 373 3892 lium
396 3847 576 3913 prooerum,
592 3827 800 3892 dominorum
815 3825 1055 3912 temporalium,
1069 3826 1125 3890 vel
1146 3827 1341 3894 comitatum

294 3929 396 4015 hujus
417 3929 519 4016 regni.
566 3927 633 3995 Sed
664 3927 743 4014 quia
774 3927 994 4014 proditionem
1028 3933 1062 3994 et
1084 3927 1340 3995 destructionem

292 4033 397 4120 hujus
419 4032 571 4119 praedicti
604 4031 699 4120 regni
721 4029 853 4117 Angliae
883 4029 1146 4116 appropinquare
1169 4035 1203 4096 et
1232 4031 1340 4096 immi-

294 4156 372 4202 nere
405 4135 566 4212 videmus,
609 4134 670 4200 hos
703 4131 870 4199 Articulos
908 4132 1045 4197 eandem
1083 4131 1339 4199 destructionem

290 4243 462 4306 causantes
486 4243 521 4303 et
536 4237 719 4303 excitantes
735 4233 946 4300 universitati
969 4233 1117 4299 omniurn
1133 4233 1340 4301 dominorum

290 4345 360 4407 tam
394 4339 618 4426 spiritualium
653 4358 754 4424 quarn
775 4335 1008 4422 temporalium
1041 4357 1079 4401 ac
1110 4336 1340 4403 communitati

290 4441 440 4508 fidelium
476 4441 691 4528 Anglicorum
723 4438 879 4504 duximus
910 4437 1112 4504 intimandos
1135 4443 1170 4503 et
1200 4441 1340 4507 conscri-

114 4549 212 4668 Μ
225 4621 249 4669 a,
286 4543 412 4612 bendos
424 4569 432 4627 ;
473 4545 679 4613 obsecrantes
713 4562 789 4652 vos.
806 4561 919 4607 omnes
949 4539 993 4605 la
1023 4537 1203 4607 maceratus
1234 4539 1341 4610 Jleeu

654 4798 663 4834 ¹
680 4795 774 4863 minus]
794 4795 911 4861 injurias,
922 4795 958 4849 A.
