3538 5800
680 894 840 944 sucrorm
864 892 1036 942 ranarum.
1333 878 1376 944 37

322 1077 411 1144 illius
443 1080 556 1168 gloriae
587 1080 725 1168 perenni
756 1080 799 1146 ad
831 1101 930 1165 quam
961 1081 1159 1168 properabat
1179 1079 1376 1154 invidentes,

322 1183 380 1248 sed
412 1205 486 1248 cum
518 1189 665 1270 paternae
697 1183 815 1270 pietati
839 1204 904 1268 qua
929 1183 1147 1270 privabantur
1177 1183 1249 1269 pios
1281 1182 1377 1248 affec-

323 1290 377 1350 tus
409 1286 644 1372 impendentes,
668 1291 741 1350 tum
775 1307 869 1350 suam
903 1285 1137 1350 desolationem
1160 1306 1259 1370 quam
1283 1288 1378 1352 tanto

323 1394 416 1474 patre
451 1388 559 1453 orbati
582 1410 616 1452 se
637 1409 788 1474 passuros
810 1408 878 1452 non
901 1388 1102 1453 dubitabant
1123 1408 1233 1453 amare
1256 1386 1378 1452 deflen-

323 1495 381 1556 tes
437 1489 608 1556 Exhibent
645 1495 758 1554 tamen
795 1488 845 1552 illi
884 1489 971 1575 quod
1004 1489 1139 1575 petebat
1151 1515 1159 1569 ;
1197 1495 1231 1554 at
1261 1489 1379 1575 grandi

323 1614 462 1658 moerore
493 1592 702 1670 consternati,
729 1596 920 1677 sequentem
951 1598 1081 1658 noctem
1113 1592 1299 1678 permulta
1321 1615 1381 1658 sae-

324 1694 406 1771 cula,
428 1695 457 1759 si
491 1693 562 1760 fieri
596 1694 710 1781 possit,
734 1693 895 1780 optabant
917 1694 1080 1780 protelari.
1138 1693 1179 1758 In
1198 1715 1263 1779 qua
1285 1700 1381 1760 nocte
1394 1709 1461 1760 How
1474 1712 1522 1762 Os-

324 1798 394 1883 ipse
428 1801 530 1882 pater,
565 1818 604 1863 ac
638 1797 666 1860 si
699 1795 867 1882 languoris
899 1817 964 1881 quo
1003 1797 1213 1882 premebatur
1251 1797 1382 1876 oblitus,
1395 1776 1551 1894 fflssffl

324 1900 440 1965 horam
462 1905 633 1966 nocturnae
656 1899 781 1985 vigiliae
804 1899 1018 1984 praeveniens,
1037 1906 1136 1985 prout
1159 1922 1226 1965 suae
1250 1923 1383 1966 consue-
1396 1909 1484 1959 hours.

326 2002 453 2067 tudinis
486 2003 615 2088 jugiter
652 2023 722 2066 esse
760 2000 894 2078 solebat,
933 2001 1101 2067 ecclesiam
1135 2002 1240 2088 petit;
1272 2002 1384 2087 ibique

326 2107 432 2172 noctis
467 2105 608 2172 officium
647 2105 792 2192 explens,
826 2105 993 2169 residuum
1032 2105 1132 2192 spatii
1170 2105 1258 2190 quod
1296 2105 1384 2171 diem

328 2229 432 2292 usque
466 2207 668 2272 tendebatur
691 2206 825 2271 Divinis
849 2206 1003 2270 laudibus
1037 2229 1096 2292 pro
1128 2229 1217 2272 more
1244 2205 1386 2294 pervigil

303 2310 494 2396 expendit.
541 2311 586 2374 Et
608 2309 669 2374 tali
692 2309 827 2394 quidem
850 2309 947 2374 modo
970 2313 1065 2374 noete
1088 2309 1147 2374 illa
1169 2310 1237 2374 suis
1260 2310 1386 2375 dimen-

326 2413 474 2477 sionibus
506 2412 693 2488 terminata,
717 2411 875 2476 fratribus
910 2410 1023 2475 illuxit
1049 2412 1228 2476 metuenda
1250 2412 1327 2488 dies,
1351 2413 1387 2476 in

327 2535 394 2599 qua
425 2519 469 2590 te,
491 2512 669 2578 reverende
704 2517 807 2598 pater,
843 2512 1005 2590 Osvvalde,
1037 2513 1216 2600 susciperet
1249 2514 1330 2579 felix
1353 2520 1387 2578 et

328 2615 420 2682 nullo
454 2615 638 2682 claudenda
671 2615 814 2680 termino
837 2615 937 2700 quiea.
985 2615 1058 2681 Hac
1090 2616 1212 2681 etenim
1239 2616 1292 2681 die
1314 2639 1387 2702 per-

328 2725 461 2786 cantato
493 2719 662 2796 Psalterio,
696 2719 783 2804 quod
816 2717 955 2804 singulis
987 2718 1103 2783 diebus
1141 2740 1215 2784 cum
1253 2719 1388 2784 floribus

328 2823 405 2886 inde
439 2819 608 2906 acceptis1
631 2820 805 2886 decantare
837 2821 954 2886 solitus
978 2825 1056 2897 arat,
1080 2820 1215 2887 unicum
1239 2821 1388 2906 redemp

333 2924 432 2988 tionis
466 2923 620 2988 humanae
656 2923 851 2988 sacrificinm
885 2944 993 2989 coram
1025 2945 1060 2988 se
1085 2921 1156 2988 Deo
1188 2923 1280 2988 Patri
1311 2924 1391 2988 fecit

330 3027 447 3092 offerri.
508 3025 613 3112 Cujus
661 3026 738 3089 dein
783 3025 1035 3112 participatione
1073 3026 1223 3103 refectus,
1262 3027 1389 3092 obitum

332 3153 438 3208 sunm,
461 3153 559 3215 quem
582 3131 708 3194 instare
735 3129 866 3205 sciebat,
890 3129 961 3214 ejus
984 3124 1111 3195 invicta
1133 3131 1258 3195 virtute
1281 3130 1390 3194 muni-

330 3234 389 3298 vit.
451 3233 500 3298 Ac
532 3232 665 3297 demum
695 3231 800 3295 totius
832 3232 897 3296 diei
929 3230 1034 3297 officio
1068 3233 1105 3296 in
1139 3232 1295 3298 honorem
1327 3233 1390 3298 Dei

331 3333 560 3422 percelebrato,
584 3333 679 3419 quasi
702 3332 924 3398 convaluisset
946 3333 987 3397 de
1010 3333 1213 3414 infirmitate,
1229 3335 1390 3414 surrexit3

331 3443 365 3502 et
387 3435 556 3501 monachis
590 3435 810 3520 nequicquam
837 3435 1067 3500 insistentibus
1089 3441 1130 3500 ut
1152 3457 1219 3501 suae
1242 3441 1390 3522 parceret

330 3538 559 3616 imbecillitati,
574 3538 672 3603 solito
695 3560 785 3603 more
800 3537 926 3603 lintheo
942 3539 1137 3629 praecinctus
1153 3539 1251 3625 pedes
1266 3561 1388 3624 paupe-

331 3665 404 3706 rum
420 3642 513 3719 lavit,
526 3646 559 3706 et
585 3640 735 3706 osculans
751 3662 804 3705 eos
824 3641 912 3705 crine
928 3640 1120 3725 lintheoque
1136 3641 1279 3706 detersit.
1309 3641 1387 3720 Qui·
1401 3661 1442 3710 He
1453 3659 1507 3710 dies

331 3746 393 3810 bus
404 3745 490 3820 lotia,
506 3749 540 3808 et
551 3743 739 3828 quindecim
750 3743 912 3828 graduum
924 3742 1072 3821 Psalmis,
1083 3765 1164 3830 quos
1176 3745 1263 3810 inter
1279 3745 1387 3830 ipsum
1399 3728 1546 3843 ppeqhqash

332 3845 552 3912 ministerium
574 3845 713 3931 psallere
735 3866 862 3932 semper
884 3846 983 3909 moris
1006 3845 1157 3923 habebat,
1179 3848 1386 3931 percantatis,
1400 3811 1553 3925 polrmen’s

333 3949 508 4035 subjunxit
544 3947 663 4016 Gloria
685 3946 797 4026 Pana,
821 3954 851 4013 ct
877 3947 979 4025 Filio,
1012 3954 1042 4013 ct
1064 3947 1220 4032 Spiritui
1253 3947 1386 4016 Sancto.
1400 3930 1459 3978 feet.

333 4053 388 4116 Ad
404 4050 582 4136 quodcum
598 4049 803 4136 pauperes'ei
820 4051 1065 4128 assurexissent,
1089 4071 1127 4115 ac
1150 4050 1263 4115 solitas
1278 4058 1387 4138 grates

335 4153 563 4230 exsolvissent,
586 4153 657 4239 ipsa
680 4153 819 4218 dicendo
842 4151 998 4236 Spiritui
1021 4151 1144 4218 Sancto
1167 4159 1314 4220 sanctam
1338 4161 1388 4219 est

334 4255 496 4322 resolutus
546 4257 582 4319 in
619 4261 767 4333 mortem,
790 4253 945 4321 emittens
983 4255 1138 4341 spiritum
1176 4279 1272 4321 sunm
1310 4263 1388 4322 ante

333 4379 513 4445 pauperum
548 4357 646 4443 pedes
678 4357 714 4420 in
747 4378 864 4420 manus
888 4356 1027 4432 Christo,
1052 4356 1116 4422 Oui
1147 4357 1182 4422 in
1205 4358 1284 4444 ipsis
1307 4382 1388 4446 pau·

334 4459 466 4546 peribus
497 4461 567 4544 ipse
599 4458 810 4524 ministrarat.
857 4459 934 4544 Ipso
966 4458 1132 4544 denique²
1154 4466 1238 4526 teste
1254 4463 1317 4528 sibi
1340 4465 1388 4538 fit,
1400 4478 1427 4530 s.
1438 4479 1514 4596 qu.

1400 4562 1462 4596 XXV.
1510 4581 1516 4594 .

960 4633 1051 4640 ...n-*-
1063 4635 1201 4641 nam—-
1211 4637 1357 4644 Q.—

370 4737 378 4770 ¹
397 4735 521 4802 acceptis]
541 4733 664 4798 exceptis
676 4733 709 4782 Α.
722 4733 752 4782 B.
858 4733 863 4800 Ι
919 4734 929 4766 ²
948 4734 1062 4800 denique]
1084 4735 1183 4800 quippe,
1195 4737 1226 4787 B.
