3530 5790
622 876 859 928 sucumsnors
881 877 925 926 or
948 875 1053 926 ross.
1295 860 1359 925 :345

308 1066 468 1152 episcope,
491 1045 631 1130 Romam
664 1064 819 1149 perrexit,
851 1070 886 1130 et
918 1064 996 1128 inde
1028 1084 1178 1129 reversus
1210 1083 1269 1147 pro
1305 1063 1360 1127 de·
1374 1057 1515 1178 (ὣῡθθῠθῡῐ

308 1166 423 1234 functo
438 1165 622 1232 Eodwin0¹
648 1163 995 1232 winchelcumbensi2
1015 1164 1135 1230 abbate
1159 1163 1362 1230 Godricum³
1409 1135 1527 1178 amenter.

309 1269 491 1346 substituit,
514 1275 550 1335 et
571 1267 725 1334 comitem
743 1267 962 1354 Agelwinum,
979 1268 1037 1352 qui
1059 1273 1131 1334 crat
1153 1267 1361 1334 ecclesiarum

309 1377 445 1446 amator,
468 1391 652 1455 pauperum
685 1374 854 1446 recreator,
886 1367 1064 1435 viduarum
1095 1373 1130 1434 et
1160 1369 1361 1455 pupillorum

310 1472 470 1548 defensor,
508 1491 735 1558 oppressorum
772 1471 960 1547 subventor,
998 1470 1202 1557 virginitatis
1245 1477 1361 1548 custos,

310 1573 571 1652 monachizavit;
594 1573 761 1638 eeclesiam
787 1593 926 1658 quoque,
958 1593 1057 1658 quam
1081 1574 1179 1638 cum*
1201 1573 1272 1658 ipsa
1295 1574 1363 1658 epi-

310 1697 427 1762 scopus
464 1677 500 1740 in
542 1675 680 1742 civitate
720 1673 903 1740 Glavornia
954 1692 975 1742 a
1012 1674 1239 1740 fundamentis
1287 1697 1364 1742 con-

311 1783 488 1854 struxerat,
511 1777 690 1840 honorifice
720 1775 894 1852 dedicavit,
919 1781 954 1840 et
986 1775 1174 1841 Wlstanum
1205 1798 1226 1842 a
1256 1799 1290 1842 se
1313 1800 1363 1841 or-

312 1879 464 1944 dinatum
487 1879 642 1942 abbatem
666 1877 846 1963 Wigorniae
869 1876 1050 1942 constituit.

358 1979 403 2045 Et
431 1980 511 2065 quia
543 1979 581 2044 in
612 1978 759 2046 conciliis
789 1983 826 2044 et
856 1977 1054 2044 umudbus
1088 1979 1204 2064 regni⁶
1236 2001 1363 2067 magnae
1376 1985 1487 2036 Hisem·

312 2083 497 2169 prudentiae
520 2087 554 2148 et
576 2081 692 2147 multro
715 2085 786 2146 erat
822 2080 1037 2158 strenuitatis,
1068 2102 1142 2146 cum
1173 2081 1363 2168 ingentibus
1377 2054 1490 2169 ξζζᾚο

312 2185 462 2252 exenniis
493 2184 537 2250 ad
570 2184 802 2270 imperatorem
834 2181 1053 2248 Allemannioe
1090 2183 1176 2270 regis
1207 2184 1364 2250 Edwardi
1377 2199 1457 2248 paror.

312 2285 465 2373 fungitur
486 2283 674 2373 legatione.⁷
718 2285 750 2349 Α
773 2305 839 2370 quo
862 2284 1011 2350 simulet
1033 2283 1246 2351 Heremanno
1269 2284 1364 2351 Colo

313 2389 419 2455 nicusi
442 2387 686 2476 archiepiscopo
715 2409 836 2475 magno
868 2391 1039 2474 susceptus
1072 2387 1204 2467 honore,
1228 2409 1287 2474 per
1309 2411 1366 2454 an-

313 2511 394 2556 num
416 2490 584 2576 integrum
616 2511 693 2556 cum
727 2489 774 2556 eis
804 2486 1046 2566 commoratus,⁸
1076 2489 1184 2557 multa
1214 2511 1289 2576 quse
1323 2491 1364 2555 ad

313 2591 520 2658 honestatem
554 2590 781 2658 ecclesiastica
813 2589 1042 2668 observantiae,
1072 2591 1180 2657 multa
1217 2613 1292 2678 quae
1322 2592 1365 2656 ad

313 2696 454 2782 rigorem
499 2694 727 2762 ecclesiastice
783 2693 967 2780 disciplinae
1012 2695 1181 2780 pertinent
1226 2693 1366 2772 audivit,

314 2796 410 2875 vidit,
433 2801 468 2862 et
490 2796 656 2864 memoriae
690 2795 942 2873 commendavit,
966 2815 1040 2880 quae
1072 2803 1186 2884 postea
1207 2797 1244 2862 in
1266 2797 1365 2864 eccle-

315 2896 373 2964 siis
395 2898 578 2984 Anglorum
602 2897 769 2964 observari
791 2897 877 2964 fecit

360 2999 506 3066 Reverso
529 3003 605 3086 post
627 3020 752 3064 annum
784 2999 828 3065 ab
860 2999 1067 3086 imperatore,
1102 3021 1186 3078 cum,
1209 3001 1366 3069 defimcto

315 3100 538 3167 Athelstan0⁹
561 3101 796 3166 Heresordensi
819 3101 980 3188 episcopo,
1003 3107 1039 3168 et
1060 3103 1164 3168 occiso
1183 3125 1366 3170 successore

315 3226 374 3270 suo
398 3203 564 3290 Leofgaro,
598 3204 691 3269 sedes
726 3203 785 3269 illa
818 3211 960 3282 vacaret,
992 3205 1183 3271 commissus
1215 3211 1267 3272 est
1300 3207 1330 3271 ei
1341 3205 1366 3244 ¹⁰

315 3307 522 3392 episcopatus
553 3305 610 3370 ille
648 3327 668 3372 a
699 3327 775 3392 rege
807 3305 980 3373 Eduardo.
1025 3305 1155 3373 Deinde
1185 3309 1364 3395 praesidatu

316 3407 545 3474 Wiltuniensis
568 3407 719 3486 ecclesiae,
735 3408 793 3493 qui
809 3408 872 3474 sibi
895 3413 1030 3494 propter
1052 3409 1250 3476 industriam
1274 3433 1366 3476 suam

315 3512 506 3578 commissus
528 3509 644 3586 fuerat,
660 3510 804 3587 dimisso,
827 3516 862 3575 et
884 3511 1095 3578 Heramunno
1117 3513 1254 3592 reddito,
1278 3536 1367 3579 mare
1380 3517 1461 3567 visus

315 3613 481 3690 transivit,
503 3619 538 3678 et
559 3633 619 3698 per
641 3611 847 3678 Pannoniam
870 3613 1036 3700 profectus
1059 3619 1111 3680 est
1133 3585 1530 3694 lerosolimam,³“¹¹⁸“¹²¹⁰·

315 3714 404 3799 quod
426 3713 537 3778 nullus
560 3711 877 3799 archiepiscoporum
900 3713 953 3780 vel
987 3715 1213 3802 episcoporum
1236 3717 1367 3804 Angliae

314 3815 496 3883 dinoscitur
518 3819 655 3882 eatenus
676 3814 798 3882 fecisse.

347 4136 355 4168 ¹
373 4134 512 4200 Ecdiciae]
532 4133 648 4200 Egvinm
660 4135 689 4186 0.
892 4133 1003 4200 θνοςῃιί]
1023 4133 1063 4184 vir
1074 4136 1119 4185 ins.
1131 4137 1167 4187 A.
1187 4135 1218 4188 B.
1239 4137 1269 4190 0.
1290 4139 1324 4190 D.
1337 4141 1365 4191 F.

345 4214 356 4248 ²
370 4212 616 4280 warascum]
628 4211 815 4266 Wilchescum-
860 4212 893 4264 G.

311 4293 432 4356 bensi,B.
894 4290 905 4328 ²
921 4289 1057 4357 levatione]
1077 4292 1207 4356 electione,
1225 4294 1260 4346 A.
1283 4295 1312 4346 B.
1336 4295 1366 4346 Ο·

346 4375 357 4407 ³
377 4371 524 4436 θοάήσιιηι]
541 4370 687 4431 Bouricum,
698 4372 771 4422 A.B.
785 4371 815 4426 Ο.
862 4369 895 4418 Ι).
907 4369 937 4418 Ε.
949 4370 978 4418 Ε.
991 4371 1022 4420 G.

312 4453 346 4504 D.
359 4454 392 4506 G.
894 4451 906 4482 ⁸
923 4451 1100 4517 conmoratus]
1120 4466 1288 4515 commorans,
1301 4456 1333 4508 G.

345 4532 355 4564 ⁴
372 4547 445 4595 ᾳιιωιι
457 4531 524 4596 crus]
545 4531 577 4582 B.
594 4529 624 4584 0.
636 4531 669 4582 D.
681 4531 711 4582 Ε.
723 4529 752 4580 F.
765 4529 816 4586 Ga
894 4528 905 4560 ⁹
923 4527 1083 4596 Autumno]
1103 4531 1250 4594 Edelstauo,
1261 4535 1295 4586 A.

310 4625 395 4676 quam,
406 4611 440 4661 Δ.
452 4608 500 4670 u,
518 4617 649 4674 quantum,
659 4609 716 4662 MS.
896 4608 916 4640 ¹⁰
934 4609 971 4676 a]
989 4607 1033 4672 illi,
1044 4609 1076 4663 G.

343 4689 354 4722 ⁸
373 4685 530 4752 atavorum]
551 4687 695 4746 Glcvernia,
706 4687 741 4738 A.
