3582 5798
417 823 480 887 136
571 837 721 888 msrosr
743 837 787 887 or
810 838 904 888 rous
925 836 1163 888 eacumsnors
1186 837 1229 886 or
1252 835 1350 888 roan

291 1065 293 1070 ·
414 1027 497 1111 c[or]
514 1027 653 1112 t[owm],
670 1033 699 1092 et
713 1025 875 1114 a[ostioac]
899 1026 1128 1112 D[oonioum].
1177 1026 1259 1106 Quia
1282 1029 1394 1090 secuta
1416 1025 1468 1088 est

242 1124 380 1201 'rheareh-
413 1126 609 1212 Pr0phetica
617 1127 722 1205 lecti0,
737 1127 971 1194 Oooococmvot
980 1127 1164 1214 Babylonii
1173 1127 1221 1192 od
1231 1147 1348 1210 repom.
1372 1125 1467 1190 Siout

242 1189 400 1327 3?ssssssss
412 1229 449 1292 in
465 1229 653 1294 Proverbiis
663 1229 813 1309 habetur,
833 1230 897 1296 Vir
911 1229 1093 1296 owlcoolua
1101 1229 1201 1316 fodit,
1217 1235 1349 1295 tantum
1360 1227 1465 1292 archi·
1478 1229 1553 1349 {pov-
1564 1232 1618 1283 xvi·

242 1337 293 1375 ear.
414 1331 584 1418 episeopus
615 1338 715 1400 antea
736 1331 873 1410 foderat,
894 1329 1029 1398 tantum
1051 1332 1099 1396 ibi
1130 1332 1222 1409 fodit,
1246 1335 1343 1396 tanta
1364 1329 1465 1407 dedit,
1512 1333 1521 1350 ⁹

414 1437 509 1498 tanta
531 1434 691 1519 promisit,
715 1434 803 1519 quod
833 1455 943 1520 regern
975 1434 1132 1499 adversus
1164 1455 1239 1498 eum
1271 1436 1382 1518 aperte
1414 1431 1465 1494 in-

413 1527 545 1621 surgeie
568 1535 656 1602 fecit.
704 1535 880 1602 Mandavit
902 1557 978 1622 ergo
994 1535 1053 1612 illi,
1070 1557 1137 1601 non
1152 1557 1211 1622 per
1233 1533 1465 1600 ecclesiasticas

411 1657 574 1722 personas,
598 1643 638 1702 ut
660 1638 859 1704 conveniens
883 1642 976 1714 esset,
1000 1638 1057 1702 sed
1080 1659 1139 1723 per
1161 1636 1244 1701 duos
1259 1635 1408 1700 eonsules
1431 1639 1466 1699 et

243 1732 400 1849 Εῑῶθθθῐξᾰῡ
413 1737 494 1803 duos
517 1759 673 1823 proceres,
697 1739 880 1804 Robertum
912 1739 1065 1806 comitem
1096 1739 1137 1803 de
1170 1737 1317 1815 Mellent,
1341 1735 1467 1801 Willel-

243 1807 384 1932 „emiffi
412 1861 503 1904 mum
538 1841 691 1906 comitem
724 1841 764 1906 de
794 1841 984 1919 Warrenna,
1019 1841 1222 1906 Willelmum
1253 1839 1467 1905 camerarium

242 1931 385 2051 ῗωοῐῧξ
413 1963 519 2021 snum,
549 1948 585 2008 et
608 1943 776 2029 Nigelium
812 1943 853 2008 de
883 1943 1050 2021 Albeneio,
1078 1944 1183 2029 primo
1206 1943 1413 2028 paetendens
1435 1942 1466 2006 ei

244 2013 357 2115 siffis
414 2043 502 2129 quod
524 2043 626 2109 frater
640 2066 727 2122 suus,
743 2050 777 2110 et
800 2045 878 2130 ipse,
902 2067 977 2110 eum
993 2046 1199 2122 educaverat,
1222 2045 1401 2130 plurimum
1417 2043 1467 2108 di-

243 2129 354 2248 ffi'fflss
414 2144 548 2222 lauerat,
586 2146 755 2231 privatum
793 2146 857 2210 sibi
894 2145 1023 2224 fecerat,
1054 2147 1096 2211 ad
1129 2146 1217 2231 quod
1247 2150 1319 2210 erat
1342 2145 1468 2209 exalta·

244 2263 350 2327 profess.
416 2253 518 2324 verat,
540 2246 735 2313 fidelitatem
758 2247 794 2310 in
817 2269 896 2312 usus
928 2269 1004 2312 suos
1038 2253 1073 2312 et
1104 2246 1356 2312 consuetudines
1375 2245 1467 2330 jura-

413 2353 508 2414 verat
544 2370 587 2413 ne
633 2349 783 2414 turbaret
819 2371 958 2436 regnum
995 2371 1055 2415 nec
1100 2349 1269 2415 ecclesiam
1307 2346 1468 2414 scandali-

411 2454 521 2528 zaret3
550 2449 617 2526 sed,
639 2451 725 2515 sicut
747 2456 965 2516 antecessores
980 2451 1032 2515 sui
1055 2451 1207 2527 fecerant,
1231 2448 1467 2540 subjectionem

413 2551 570 2637 profitens
592 2554 866 2618 consecrationem
889 2555 1075 2639 susciperet.

244 2654 369 2708 Tumens
461 2653 589 2734 Quibus
611 2653 667 2719 ille
690 2655 756 2719 ait:
783 2655 979 2721 “Beneficia
1009 2676 1083 2740 quae
1115 2654 1315 2718 enumeratis
1349 2659 1468 2720 cuncta

242 2721 365 2840 ἷζξιξξὲ
416 2762 433 2788 “
456 2776 657 2841 recognosce,
680 2761 714 2820 et
736 2757 869 2822 domino
892 2777 964 2821 meo
987 2756 1056 2842 regi
1071 2757 1195 2842 gratias
1209 2754 1323 2820 habeo.
1370 2754 1469 2820 Fide·

244 2869 353 2921 sengers.
419 2866 434 2892 “
458 2858 587 2923 litatem
611 2879 710 2942 quam
733 2857 803 2936 feci,
838 2857 902 2923 Dei
928 2858 1061 2936 auxilia,
1089 2859 1172 2922 bene
1204 2858 1361 2936 servabo;
1388 2873 1479 2940 usias

412 2967 429 2994 “
453 2965 487 3024 et
509 2960 761 3025 eonsuetudines
784 2981 860 3024 suas
875 2981 942 3024 non
965 2960 1086 3045 juravi,
1110 2961 1370 3046 necquicquam
1401 2959 1467 3024 nisi

414 3069 430 3096 “
453 3061 545 3126 salvo
568 3063 682 3128 ordine
706 3062 872 3136 meofeci.
919 3063 997 3128 Non
1020 3069 1071 3128 est
1093 3064 1187 3150 regni
1219 3063 1376 3140 turbatio,
1400 3084 1467 3128 non

413 3171 430 3198 “
453 3167 503 3227 θεὴ
525 3163 667 3230 ecclesiae
690 3164 890 3244 scandalum,
914 3164 1057 3231 eeclesiae
1080 3166 1133 3230 cui
1164 3187 1216 3230 me
1239 3186 1377 3250 praeesse
1409 3185 1467 3228 vo-

414 3271 431 3298 “
453 3263 525 3342 luit,
550 3285 648 3348 quam
671 3266 764 3331 nulla
785 3267 822 3330 in
848 3287 949 3352 regno
980 3287 1049 3332 esse
1072 3265 1171 3331 debet
1204 3266 1282 3353 [aio]
1318 3271 1353 3332 et
1384 3265 1467 3354 regii

414 3367 650 3433 “diadematis
674 3369 849 3434 dimidium
874 3375 933 3448 est,
965 3391 1062 3434 suum
1081 3370 1138 3454 jus
1161 3369 1356 3450 defendere3
1379 3372 1467 3456 quod

415 3477 431 3503 “
454 3470 558 3555 ipsius
580 3471 666 3555 regia
700 3493 795 3558 agere
830 3477 923 3550 esset,
959 3471 1012 3536 vel
1044 3472 1172 3548 saltem,
1204 3477 1243 3536 ut
1277 3472 1401 3537 bonum
1433 3479 1468 3538 et

415 3571 580 3656 “justum
613 3573 819 3652 advocatum,
854 3574 1027 3660 aequediter
1049 3596 1083 3640 εθ
1106 3579 1225 3639 tenere.
1273 3573 1339 3654 Qui
1368 3587 1466 3641 'scan-

415 3677 433 3705 “
455 3673 567 3738 delum
590 3674 713 3760 injuste
736 3682 849 3742 movet
871 3683 905 3742 et
935 3677 1029 3755 facit,
1049 3677 1203 3741 attendat
1226 3677 1301 3761 quis
1323 3680 1374 3741 est
1408 3679 1465 3762 qui

414 3781 433 3807 “
457 3774 547 3854 dicit,
574 3775 630 3841 Voe
645 3776 795 3854 ,dromoni
817 3777 876 3844 illi
906 3800 970 3865 pei·
1000 3799 1100 3865 qoem
1130 3777 1337 3844 scandulum
1365 3779 1465 3846 venit.
1478 3794 1594 3872 spirit.

249 3881 290 3932 He
301 3883 397 3934 refuses
418 3885 434 3910 “
458 3877 607 3943 Profiteri
631 3903 708 3945 vero
730 3903 790 3946 nec
813 3882 915 3947 debeo
937 3903 998 3949 nec
1012 3883 1125 3959 audeo,
1149 3881 1313 3967 quiahoc
1335 3884 1466 3949 decreto
1478 3861 1549 3912 xnn.
1562 3865 1586 3914 ⁷·

248 3949 361 4065 ffiffl
419 3980 555 4046 “Beati
590 3980 738 4069 Gregorii
761 3988 795 4048 et
818 3983 959 4050 Honorii
991 3989 1025 4049 et
1047 3984 1178 4049 Urbani
1209 4005 1372 4070 paparum
1394 3986 1467 4050 red-

249 4081 405 4194 puisedpro-
418 4089 436 4144 ‘.‘
458 4083 664 4168 argutionem
696 4085 864 4151 adversari
896 4109 964 4152 non
1005 4087 1129 4173 ignoro.
1178 4087 1215 4152 si
1239 4087 1320 4172 quid
1343 4088 1467 4174 praede·

260 4161 349 4196 ‘⁸¹⁰⁰'
419 4191 597 4248 “cessores
620 4187 685 4250 mei
700 4187 883 4252 inconsulte
906 4188 960 4254 vel
983 4189 1087 4254 coacti
1110 4189 1269 4267 fecerimt,
1288 4187 1633 4265 essentessent.

419 4289 436 4317 “
459 4304 527 4348 non
548 4287 697 4368 possideo
712 4288 955 4355 cunctantium
978 4290 1050 4355 Dei.
1098 4290 1164 4355 Sed
1187 4291 1381 4376 suppliciter
1411 4293 1468 4358 de·
1482 4283 1521 4330 ¹³·

418 4391 435 4416 “
458 4405 571 4467 precor
604 4387 773 4452 dominum
804 4413 914 4456 meum
946 4415 1055 4479 regem
1093 4415 1211 4470 meum,
1242 4397 1283 4456 ut
1315 4394 1470 4472 ecelesiae,

420 4491 436 4518 “
460 4485 513 4548 cui
533 4507 587 4550 me
609 4488 664 4551 vel
686 4511 785 4574 quam
807 4493 890 4556 mihi
906 4495 1055 4574 tradidit,
1075 4493 1310 4561 rectitudinem
1326 4501 1360 4561 et
1379 4495 1470 4582 judi-

422 4595 439 4620 “
462 4584 581 4672 ciumj
625 4592 696 4653 tum
712 4594 921 4662 consentiat?
