3606 5798
421 893 486 958 226
660 907 684 956 s
706 904 967 957 oourmnsrrou
990 905 1034 956 or
1056 906 1126 956 nnn
1149 905 1250 957 nrum

418 1089 615 1155 alterutrum
650 1089 809 1156 adversus
840 1109 953 1155 omnes
984 1093 1105 1156 cuncta
1126 1087 1266 1175 querela.
1311 1087 1470 1174 Idemque

417 1191 680 1278 archiepiscopus
711 1192 748 1258 in
785 1191 840 1258 die
877 1190 1110 1258 Conversionis
1148 1190 1263 1258 Sancti
1301 1189 1397 1259 Pauli
1433 1191 1471 1256 in

247 1319 355 1374 Maroae
367 1321 388 1374 is
417 1292 493 1358 sede
515 1314 576 1358 sua
597 1293 796 1360 Eboraoensi
818 1298 969 1379 reoeptus
986 1298 1045 1370 est,
1067 1293 1242 1379 privilegia
1267 1293 1470 1380 dignitatum

248 1389 396 1506 ffivffn
418 1397 452 1458 et
483 1393 676 1462 libertatum
707 1395 751 1462 ab
773 1393 972 1482 Apostolicis
998 1394 1141 1462 ecclesiia
1163 1395 1361 1465 Eboracensi
1382 1395 1471 1461 anti·

248 1527 307 1573 ster.
366 1473 406 1508 ¹¹¹⁸
416 1497 530 1582 quitus
552 1497 673 1564 collata
694 1498 764 1584 ipse
787 1497 959 1584 redempta
980 1517 1079 1584 super
1100 1497 1205 1564 altare
1227 1497 1369 1578 obtulit;
1391 1497 1470 1584 quia

414 1597 477 1662 sub
508 1599 721 1666 anathemate
750 1599 928 1665 interdixit
949 1620 991 1665 ne
1014 1599 1088 1685 quis
1111 1619 1150 1665 ea
1172 1599 1281 1666 denuo
1303 1599 1347 1666 ab
1369 1598 1468 1666 eccle·

413 1699 463 1764 sia
493 1699 553 1766 illa
581 1699 724 1768 alienare
756 1705 986 1787 praesumeret;
1020 1699 1207 1767 Willelmus
1237 1700 1326 1767 enim
1359 1701 1467 1768 archi·

413 1802 584 1890 episcopus
630 1808 666 1869 et
702 1802 877 1890 privilegia
917 1807 953 1869 et
988 1803 1097 1869 multa
1133 1803 1200 1869 alia
1236 1802 1382 1890 pretiosa
1426 1803 1467 1870 de

412 1902 568 1970 thesauro
600 1905 744 1972 ecclesiae
776 1903 990 1971 Eboraoensis
1027 1925 1088 1991 pro
1124 1905 1273 1991 pecuniis
1311 1925 1394 1991 quas
1430 1905 1468 1970 in

411 2006 671 2091 profectionibus
702 2006 771 2074 suis
800 2007 845 2074 ad
877 2007 1018 2075 Romam
1055 2007 1278 2095 insumpserat
1313 2028 1467 2074 nummu-

411 2107 503 2174 lariis
526 2115 731 2197 exposuerat.

403 2226 404 2230 ’
456 2210 555 2277 Anno
604 2211 724 2280 m⁰clii⁰
762 2211 928 2279 Henricus
977 2211 1240 2299 archiepiscopus
1284 2211 1380 2278 venit
1423 2211 1466 2278 ad

411 2311 713 2399 Hagustaldensem
755 2313 934 2392 ecclesiam,
978 2319 1190 2400 moratusque
1227 2317 1278 2380 est
1315 2313 1363 2378 ibi
1407 2335 1466 2400 per

409 2413 569 2498 plurimos
592 2415 670 2481 dies.
717 2415 841 2482 Eodem
863 2436 951 2482 anno
972 2414 1022 2481 W.
1046 2416 1217 2502 episcopus
1232 2414 1465 2482 Dunelmensis

410 2515 495 2582 obiit
517 2517 629 2583 idibus
652 2517 859 2584 Novembris.

455 2617 554 2684 Anno
604 2619 722 2686 m.⁰cliii
762 2619 852 2706 apud
889 2618 1102 2686 Dunclmiam
1151 2619 1188 2684 in
1233 2618 1287 2684 die
1331 2617 1463 2686 Sanctae

410 2717 558 2806 Agnetis,
575 2721 774 2787 Laurentius
797 2721 895 2807 prior,
919 2719 1020 2786 Wazo
1036 2725 1071 2786 ct
1086 2718 1283 2806 Ranulphus
1297 2718 1459 2786 archidia-

411 2822 494 2900 coni,
516 2822 716 2890 universitas
734 2822 827 2909 (quc)
849 2822 928 2888 cleri
951 2827 1187 2889 consenserunt
1209 2823 1246 2887 in
1269 2821 1462 2890 electionem

330 2903 355 2937 m
410 2922 564 3010 Hugonis
586 2925 782 2992 thesaurarii
806 2924 1026 2992 Eboracensis.
1072 2924 1237 2991 Henricus
1255 2945 1334 2990 vero
1355 2923 1460 2992 erchi-

409 3027 579 3113 episcopus
612 3027 805 3094 electionem
836 3027 1025 3112 improbans
1059 3027 1200 3112 priorem
1230 3029 1264 3092 et
1300 3025 1464 3094 archidia-

296 3139 298 3145 '
408 3149 506 3196 conos
540 3129 847 3197 excommunicavit.
893 3129 1039 3195 Exortus
1070 3149 1202 3215 quoque
1223 3133 1275 3195 est
1296 3129 1460 3196 tumultus

407 3232 533 3298 multus
569 3232 727 3298 adversus
763 3231 1044 3318 archiepiscopum
1088 3252 1188 3317 super
1223 3229 1286 3298 hac
1322 3231 1460 3317 repulsa

408 3331 580 3420 Siquidem
612 3333 648 3400 in
672 3332 790 3420 Capite
812 3333 940 3420 Jejunii
973 3333 1064 3419 apud
1087 3332 1271 3400 Eboracum
1300 3353 1470 3402 convene,

406 3440 486 3502 nint
516 3437 559 3502 ad
591 3435 874 3522 archiepiscopum
906 3435 998 3523 prior
1029 3440 1064 3501 et
1085 3433 1310 3504 archidiaconi
1341 3441 1377 3501 et
1401 3435 1461 3502 elii

404 3538 531 3624 pariter
552 3536 828 3606 excommunicati
850 3558 921 3602 sese
942 3536 1071 3603 absolvi
1086 3535 1301 3622 postulantes.
1347 3535 1460 3602 Insur-

402 3645 562 3706 rexerunt
584 3639 685 3705 etiam
718 3639 755 3704 in
786 3661 936 3704 murmur
958 3639 1047 3706 cives
1070 3637 1291 3706 Eboracenses
1312 3659 1389 3706 cum
1411 3639 1459 3706 eis

402 3742 620 3808 contumelias
661 3741 762 3829 regim
805 3741 990 3828 majestatis
1028 3739 1247 3808 vociferantes
1292 3741 1330 3805 in
1373 3761 1459 3812 eum.

401 3842 529 3912 idcirco
561 3843 824 3930 archiepiscopus
857 3843 1032 3910 festinavit
1065 3843 1176 3930 egredi
1214 3843 1260 3920 ah
1295 3843 1386 3922 urbe,
1423 3849 1459 3909 ct

400 3966 469 4012 non
502 3951 553 4013 est
586 3967 752 4034 regressus
777 3945 815 4010 in
841 3965 914 4012 eam
936 3944 1107 4031 usquead
1130 3944 1218 4024 diem
1241 3944 1358 4010 mortis
1380 3965 1458 4012 suae.

400 4045 481 4112 Post
512 4047 636 4114 multas
670 4069 749 4113 vero
783 4045 995 4112 difficultates
1028 4045 1173 4112 absoluti
1211 4051 1297 4112 sunt
1344 4045 1457 4114 Mense

399 4147 544 4236 Augusti
567 4148 668 4236 Hugo
700 4149 834 4226 electus,
856 4147 961 4214 fnetus
991 4147 1123 4234 scriptis
1146 4146 1328 4214 Theohaldi
1349 4147 1456 4215 archi-

399 4252 544 4338 episcopi
577 4257 613 4316 et
634 4251 775 4316 charum
801 4250 1058 4337 approbatorum
1081 4270 1294 4336 personanum
1316 4249 1457 4337 Angliae,

398 4351 469 4438 ipse
502 4375 577 4419 cum
600 4353 725 4419 clericis
748 4351 1029 4418 Dunelmensibus
1054 4352 1223 4439 praedietis
1245 4353 1457 4440 praesentiam

398 4473 494 4538 papae
524 4454 617 4518 adiit
663 4453 787 4519 Eodem
821 4473 909 4519 anno
940 4451 1026 4518 obiit
1056 4473 1144 4541 papa
1190 4453 1368 4540 Eugenius,
1401 4455 1458 4521 cui

226 4569 354 4621 nachor
398 4555 554 4620 successit
575 4555 773 4624 Anastasius
795 4555 849 4621 vir
862 4555 1069 4642 grandaevis
1113 4555 1457 4643 Bernardus·quoque

226 4635 383 4757 {lfflffgt
397 4656 499 4724 abbas
526 4655 798 4738 Olaraevallensis‚
821 4679 919 4746 quem
953 4658 1067 4727 unctio
1091 4656 1238 4746 Spiritus
1270 4659 1387 4728 docuit
1413 4659 1456 4726 de

226 4769 350 4824 Bernard.
