3454 5816
519 871 562 920 or
585 869 653 918 run
676 869 821 919 caunos
843 871 887 919 or
911 871 1015 921 roan.
1233 860 1295 930 471

294 1057 334 1120 In
359 1058 473 1124 multis
496 1059 651 1144 periculis
674 1041 760 1144 saepe
783 1059 1028 1143 circumseptus,
1253 1063 1295 1126 45

293 1158 440 1225 Tandem
464 1160 603 1226 Romam
626 1159 711 1226 adiit
732 1159 854 1225 honore
878 1164 1034 1246 receptus.
1346 1161 1349 1166 “

294 1260 414 1326 Labori
437 1263 636 1348 compatitur
658 1261 810 1348 pontifex
833 1261 1009 1338 Romanus,

296 1361 377 1448 Ejus
400 1365 641 1430 detractoribus
665 1369 737 1428 tum
760 1364 799 1430 fit
821 1363 914 1430 labor
936 1361 1065 1429 vanus.1

296 1465 327 1528 A
349 1487 478 1531 summo
501 1466 656 1553 pontifice
679 1465 800 1552 praesul
822 1467 1021 1552 properavit,

296 1566 381 1632 Cum
404 1569 520 1634 multis
542 1568 691 1653 reliquiis
711 1568 780 1652 jam
804 1568 1002 1653 repatriavit
1025 1593 1031 1630 :

296 1667 385 1733 Dum
410 1671 504 1735 venit
527 1692 586 1756 per
608 1669 735 1735 Gallias
758 1669 900 1735 Sanctus
924 1669 1121 1747 infirmatur,

295 1771 424 1838 Ibidem
448 1795 506 1858 per
528 1771 683 1859 angelum
706 1770 769 1837 Dei
792 1771 973 1849 visitatur;

296 1873 367 1940 Pax
389 1875 453 1939 sibi
476 1874 694 1961 promittitur,
717 1879 752 1940 ot
775 1874 898 1940 donum
922 1875 1051 1960 quietis,

296 1975 341 2042 Et
363 1983 438 2063 post
461 1977 724 2062 quadriennium,
748 1977 904 2043 aerumnis
928 1976 1076 2062 expletis,

296 2077 359 2142 Pro
381 2078 492 2144 labore
514 2079 643 2164 requies
666 2080 701 2142 in
724 2084 849 2145 aeterna
871 2079 962 2145 luce:

297 2179 353 2246 Sic
376 2180 510 2245 domum
533 2181 720 2258 revertitur,
744 2181 887 2246 sanitate
912 2182 1001 2246 duce.

295 2281 319 2347 J
322 2289 404 2348 uxta
427 2282 515 2347 Nide
539 2283 574 2346 in
597 2283 762 2369 synodum
785 2283 885 2348 simul
908 2289 1142 2362 convenerunt,

296 2383 402 2469 Reges
425 2388 459 2450 et
481 2385 654 2470 pontifices
678 2406 791 2470 pacem
815 2385 969 2450 inierunt.

297 2485 338 2548 In
361 2485 456 2570 Ripis
479 2486 665 2552 coenobium
689 2486 843 2551 wilfrido
867 2507 966 2572 quam
988 2493 1130 2573 gratum,

297 2587 342 2652 Et
365 2586 427 2652 dc2
450 2587 606 2652 Hexham
631 2587 775 2653 offerunt
799 2589 863 2654 sibi
885 2589 1124 2675 praesulatum:

296 2689 389 2755 Tunc
412 2689 585 2755 Wilfridus
608 2691 726 2776 recipit
748 2695 866 2776 sponte
884 2691 956 2777 jam
980 2691 1099 2772 oblata,

297 2791 342 2856 Et
365 2792 411 2858 sic
433 2792 522 2857 inter
544 2792 691 2879 singulos
714 2813 780 2878 pax
804 2797 855 2858 est
877 2793 1062 2859 reformata

296 2892 389 2958 Tunc
412 2915 470 2980 per
493 2893 750 2979 quadriennium
775 2893 949 2958 Willridus
972 2895 1136 2974 fundavit,

298 2995 339 3060 In
363 2993 549 3060 Seuthwell
572 2994 741 3060 ecclesiam
766 3016 866 3081 quam
889 2996 943 3082 pie
966 2997 1104 3062 dotavit.

298 3096 354 3162 Sic
375 3119 434 3182 per
456 3097 583 3162 dictum
606 3097 787 3164 terminum
811 3119 890 3183 pace
913 3099 1009 3164 firma
1031 3099 1126 3177 vivit,

297 3197 440 3263 Domum
463 3198 553 3284 apud
576 3197 746 3263 Undalum
769 3197 855 3263 hanc
877 3199 983 3264 vitam
1006 3200 1126 3265 finivit.

193 3363 204 3382 ,
297 3299 352 3364 Ad
376 3299 491 3364 villam
515 3299 667 3386 Riponiae
691 3321 808 3387 corpus
832 3305 882 3366 ast
905 3301 1061 3382 delatum,

299 3400 341 3464 In
362 3401 452 3466 Petri
476 3400 612 3466 basilica
635 3402 776 3486 quiescit
798 3401 981 3468 humatum.

299 3501 355 3568 Sic
376 3524 435 3588 per
458 3502 565 3567 multa
587 3508 738 3588 tempora
760 3505 879 3569 inimo
902 3505 1067 3590 pausavit,

299 3603 411 3691 Signis
433 3607 468 3668 et
490 3603 657 3670 miraculis
679 3603 790 3670 hunc³
812 3605 903 3670 Deus
927 3607 1067 3673 ornavit.

297 3706 396 3771 Anno
419 3705 643 3772 ducentesimo
666 3711 868 3791 septuageno
892 3708 1008 3792 prime,

298 3807 379 3873 Post
402 3807 571 3872 decessum
595 3807 746 3893 praesulis
765 3807 907 3893 jacentis
930 3811 966 3872 in
990 3810 1065 3886 imo,

298 3909 391 3976 Tunc
415 3908 590 3976 Oswaldus
613 3909 766 3995 pontifex
790 3910 830 3974 de
854 3916 944 3974 terra
967 3911 1095 3975 levavit
1319 3921 1422 3974 usquo

299 4013 382 4079 Ossa
404 4011 631 4088 sacratissima,
655 4011 692 4075 in
714 4033 845 4097 capsam
868 4012 1001 4090 locavit,
1318 3989 1450 4105 {ffloe‘

298 4114 406 4196 Quam
428 4120 580 4181 auratam
603 4133 758 4198 cupream
782 4113 862 4178 fecit
885 4113 1048 4192 fabricari,

296 4216 459 4282 Mandans
482 4239 541 4303 per
563 4215 769 4302 provinciam
793 4216 880 4281 diem
904 4215 1070 4282 celebrari.

297 4319 361 4385 Per
383 4319 505 4406 viginti
528 4325 672 4405 quatuor
693 4340 797 4385 annos
819 4319 1014 4396 numerales,

300 4422 373 4488 Odo
395 4427 571 4507 postquam
593 4421 718 4486 viserat
741 4425 850 4507 partes
873 4421 1026 4487 boreales.

293 4697 301 4732 ¹
317 4705 366 4748 tum
371 4699 407 4764 fit
418 4696 493 4749 labor
513 4696 605 4763 uanus]
626 4697 700 4749 labor
718 4703 758 4748 est
837 4695 847 4728 ²
865 4697 908 4762 de]
931 4696 966 4758 in,
979 4697 1013 4748 A.

257 4781 284 4832 in
296 4795 385 4839 vanus,
397 4778 431 4828 A.
836 4777 847 4809 ³
864 4774 941 4840 tuno]
963 4791 997 4838 se,
1010 4775 1042 4824 A.
