3606 5798
626 893 670 944 er
693 893 833 946 srunou
856 894 900 944 or
923 893 1084 946 nonnam
1308 880 1374 952 257

321 1081 418 1143 tenta
448 1078 633 1146 eruditione
663 1079 795 1158 clareat,
817 1085 913 1147 tante
944 1081 1103 1147 librorum
1138 1081 1374 1167 compositione

318 1179 442 1266 ubique
464 1181 588 1247 mundo
610 1182 815 1262 innoteseat3
836 1183 894 1249 sed
915 1183 978 1250 hoc
1000 1205 1068 1250 non
1093 1205 1163 1250 esse
1185 1183 1374 1249 mirandum

320 1279 390 1366 ipse
427 1281 530 1361 docet,
568 1283 636 1370 qui,
672 1284 761 1349 inter
798 1299 844 1350 no
880 1284 987 1351 beetae
1024 1284 1104 1350 vitea
1141 1290 1177 1350 et
1212 1285 1374 1352 mirabilis

318 1382 465 1449 scientias
498 1383 673 1452 monachos
711 1385 884 1462 enutritus,
929 1384 1086 1472 quicquid
1123 1385 1269 1452 scientiae
1305 1385 1372 1450 sin·

317 1484 388 1569 guli
419 1484 612 1564 habuerant,
646 1507 743 1552 omne
774 1485 836 1553 hoc
867 1479 953 1572 ipse'
969 1486 1006 1550 in
1044 1507 1149 1551 unum
1180 1485 1233 1552 sui
1266 1487 1373 1553 cordis

318 1585 498 1665 vasculum,
546 1586 675 1674 Spiritu
721 1585 844 1654 Sancto
889 1587 1108 1666 illuminante,
1154 1593 1310 1654 contrane
1347 1592 1370 1653 t.

319 1687 492 1754 Habuerat
526 1711 594 1776 prae
628 1689 731 1757 oeulis
763 1695 797 1756 et
830 1690 958 1776 copiam
990 1691 1098 1755 omnis
1119 1689 1249 1778 generis
1271 1690 1372 1756 libro·

317 1809 400 1866 rum,
423 1811 504 1877 quos
535 1791 638 1858 abbas
669 1813 748 1857 suus
782 1791 992 1868 Benedictus,
1020 1791 1109 1857 inter
1141 1791 1207 1858 alie
1241 1792 1373 1858 diversa

317 1897 517 1971 ornamenta,
540 1893 717 1960 donatione
739 1892 1003 1980 Apostolicorum
1017 1889 1190 1958 'Vitaliani
1223 1898 1258 1959 et
1280 1893 1371 1984 Aga-

316 1989 437 2070 thonis,
468 1993 505 2058 in
538 1994 773 2059 monasterium
805 1993 997 2061 contulerat.
1043 1992 1207 2060 Praeterea
1238 1998 1274 2059 et
1299 1997 1371 2060 erat

316 2111 355 2160 eo
377 2100 523 2182 ternpore
557 2117 623 2181 quo
654 2117 775 2182 magna
807 2096 954 2163 scientiae
988 2095 1100 2161 studia
1131 2095 1311 2161 floruerant
1333 2095 1370 2160 in

316 2195 447 2281 Anglia,
470 2197 602 2282 quando
629 2197 818 2264 Theodorus
851 2195 1113 2282 archiepiscopus
1147 2200 1181 2261 et
1203 2196 1370 2262 Adrianus

223 2337 229 2347 ι
315 2296 426 2376 abbas,
448 2304 621 2386 peragrata
646 2298 763 2377 insula,
786 2311 1051 2385 quaqueversum
1073 2297 1257 2386 Anglorum
1288 2319 1368 2386 gen·

316 2402 367 2464 tes
404 2401 699 2480 commorabantur,
722 2400 849 2468 scholas
881 2421 1047 2467 sacrarum
1070 2398 1169 2464 simul
1200 2405 1235 2465 et
1268 2421 1368 2466 seecu-

315 2497 435 2565 larium
457 2499 628 2568 literarum
661 2501 892 2578 instituebant,
918 2506 958 2567 ut
991 2500 1179 2586 quicunque
1211 2505 1367 2588 cuperent

317 2601 448 2680 erudiri,
481 2602 643 2670 haberent
671 2605 875 2690 impromptu
908 2602 1082 2689 magistros
1114 2602 1171 2689 qui
1205 2601 1367 2670 docerent.

147 2701 417 2775 Elt.,ir.a.Unde
450 2704 520 2792 ipse
552 2705 652 2785 Beda,
674 2705 814 2792 loquens
837 2705 878 2770 de
911 2703 982 2768 his:
1014 2711 1139 2779 indicio,
1163 2717 1219 2778 est,
1246 2703 1367 2788 inquit,

150 3066 195 3118 Pa.
206 3066 224 3119 i.
236 3072 261 3117 2.

316 2801 394 2872 qnod
426 2819 517 2875 usque
550 2804 636 2863 hodie
669 2808 824 2877 supersunt
850 2803 1007 2860 decorum
1030 2801 1181 2874 discipulis
1213 2801 1264 2872 qni
1287 2801 1366 2857 Iati-

316 2907 386 2946 nam
417 2890 605 2965 Gratamque
638 2893 770 2963 linguam
801 2909 883 2964 aeque
913 2897 948 2946 ut
979 2891 1126 2962 propriam
1158 2889 1190 2945 in
1224 2907 1282 2962 qua
1303 2891 1366 2946 nati

316 2984 386 3034 sunt
416 2985 533 3037 norunt.
579 2972 633 3037 Ab
667 2973 719 3038 his
751 2993 863 3039 eorum
896 2970 1065 3056 discipulis
1096 2969 1240 3056 prudens
1270 2969 1365 3036 insti-

315 3073 410 3136 tutus
443 3072 628 3139 adolescens
647 3071 696 3138 'in
729 3073 801 3160 lege
824 3073 959 3139 Domini
993 3071 1218 3138 meditabatur
1249 3071 1303 3136 die
1328 3093 1367 3138 ao

313 3178 482 3251 nectent
512 3175 613 3240 etiam
647 3197 723 3241 suos
756 3175 903 3242 doctores
937 3175 1008 3260 ipse
1042 3173 1168 3240 doctior
1196 3193 1367 3258 supergre-

314 3275 454 3340 deretur.
501 3275 658 3342 Ostendit
690 3277 760 3362 ipse
794 3277 882 3362 quod
916 3297 977 3342 nec
999 3273 1179 3352 Francmm,
1202 3295 1264 3340 nec
1290 3264 1364 3340 'Ita-

313 3375 402 3454 liam,
424 3397 484 3442 nee
507 3375 667 3443 Gmciam
702 3377 849 3444 discendi
882 3377 991 3464 gratie
1023 3376 1152 3454 adierit,
1174 3376 1284 3442 dicens
1307 3376 1365 3442 ubi

314 3481 349 3541 et
370 3497 392 3542 a
413 3475 534 3562 quibus
557 3499 632 3563 quae
654 3479 830 3565 scripserat
861 3477 1021 3544 didicerit.
1068 3476 1192 3543 Scribit
1218 3477 1306 3541 enim
1329 3475 1365 3540 in

313 3577 398 3644 libro
434 3579 540 3665 primo
564 3579 789 3666 Expositionis
827 3601 926 3666 super
958 3578 1096 3646 Oantiee
1134 3576 1365 3644 Canticorurn:

146 3679 296 3747 Bednopp.
314 3677 352 3731 ln
383 3676 439 3733 hoc
471 3695 557 3750 opera
589 3678 726 3734 lectorem
753 3679 903 3744 admoneo,
926 3697 964 3734 ne
986 3695 1033 3733 me
1055 3676 1233 3748 superfluum
1253 3675 1381 3747 judicet-

145 3747 186 3796 ed.
200 3751 273 3810 ¹⁶¹2
315 3765 366 3854 qpi
398 3764 434 3820 de
464 3771 570 3822 natura
599 3767 735 3823 arborum
766 3769 827 3824 sire
857 3767 1012 3822 herbarum
1043 3765 1275 3831 aromaticarum,
1298 3783 1364 3836 quas

146 3811 182 3864 ir.
195 3815 253 3865 721.

315 3845 348 3909 in
370 3854 427 3910 hoo
448 3855 596 3911 volumine
626 3855 761 3928 plurimae
793 3857 989 3921 continentur,
1009 3853 1095 3926 juxta
1116 3853 1194 3926 qnod
1216 3853 1248 3908 in
1271 3853 1364 3909 literis

218 3965 225 3980 ·
314 3931 500 4016 antiquorum
532 3943 623 4003 didici
654 3945 742 4001 latius
778 3945 922 4018 explicare
959 3943 1122 4010 voluerim3
1145 3942 1201 3998 feci
1238 3959 1363 4014 namque

314 4031 369 4087 hoo
400 4049 460 4089 non
491 4033 665 4104 moguntia
696 4035 848 4102 studendo,
871 4034 922 4090 sed
952 4051 1035 4099 mese,
1059 4047 1246 4103 meorumque
1272 4030 1363 4103 impe·

313 4120 391 4178 ritiae
413 4121 599 4190 consulendo,
622 4122 674 4196 qui
708 4123 794 4196 longe
820 4128 902 4180 extre
923 4122 1032 4189 orbem,
1056 4121 1111 4176 hoe
1133 4125 1187 4186 est,
1211 4120 1243 4174 in
1266 4119 1363 4176 insula

313 4208 403 4265 maris
432 4212 532 4268 oceani
567 4211 632 4267 nati
669 4229 769 4268 sumus
804 4217 835 4268 ct
871 4210 995 4279 nutriti3
1033 4216 1064 4266 et
1100 4226 1165 4282 quas
1197 4209 1229 4264 iu
1259 4208 1363 4280 primis

312 4297 443 4370 partibus
475 4300 563 4368 orbis,
597 4299 706 4356 Arabia
737 4301 812 4369 dico,
844 4305 875 4357 et
904 4300 1017 4367 Judma,
1041 4297 1137 4365 india,
1168 4303 1199 4354 et
1232 4298 1362 4370 AElgypto

311 4393 463 4458 geruntur,
487 4407 547 4447 non
568 4388 628 4445 nisi
661 4407 835 4463 percorum
866 4389 918 4462 qui
948 4388 1106 4446 interfuere
1137 4387 1245 4462 scripta
1277 4405 1362 4444 nosse

311 4477 451 4532 valemus.

354 4557 454 4625 Anno
486 4558 596 4624 aetatis
623 4581 693 4627 suae
723 4559 995 4646 quinquagesimo
1017 4577 1105 4623 nono
1138 4556 1362 4642 languescens,

311 4657 365 4722 die
387 4659 596 4727 ascensionis
629 4663 821 4740 Dominicae,
853 4683 928 4728 cum
958 4660 1030 4745 jem
1064 4659 1174 4724 exitus
1206 4657 1277 4744 eius
1309 4657 1360 4724 in-

401 4771 494 4823 0⁵75.
1201 4789 1224 4837 R
