<?xml version="1.0" encoding="UTF-8"?>
<!DOCTYPE html PUBLIC "-//W3C//DTD XHTML 1.0 Transitional//EN"
    "http://www.w3.org/TR/xhtml1/DTD/xhtml1-transitional.dtd">
<html xmlns="http://www.w3.org/1999/xhtml" xml:lang="en" lang="en">
 <head>
  <title>
</title>
<meta http-equiv="Content-Type" content="text/html;charset=utf-8" />
  <meta name='ocr-system' content='tesseract 3.04.00' />
  <meta name='ocr-capabilities' content='ocr_page ocr_carea ocr_par ocr_line ocrx_word'/>
</head>
<body>
  <div class='ocr_page' id='page_1' title='image "./historianschurc00raingoog/historianschurc00raingoog_0421.png"; bbox 0 0 3530 5790; ppageno 0'>
   <div class='ocr_carea' id='block_1_1' title="bbox 630 899 1368 968">
    <p class='ocr_par' dir='ltr' id='par_1_1' title="bbox 630 899 1368 968">
     <span class='ocr_line' id='line_1_1' title="bbox 630 899 1368 968; baseline -0.003 -2"><span class='ocrx_word' id='word_1_1' title='bbox 630 915 869 968; x_wconf 72' lang='lat' dir='ltr'>laeuorsuors</span> <span class='ocrx_word' id='word_1_2' title='bbox 893 915 937 966; x_wconf 79' lang='lat' dir='ltr'>or</span> <span class='ocrx_word' id='word_1_3' title='bbox 961 916 1064 966; x_wconf 75' lang='lat' dir='ltr'>nonu.</span> <span class='ocrx_word' id='word_1_4' title='bbox 1303 899 1368 966; x_wconf 82' lang='grc'>379</span> 
     </span>
    </p>
   </div>
   <div class='ocr_carea' id='block_1_2' title="bbox 318 1105 1530 1400">
    <p class='ocr_par' dir='ltr' id='par_1_2' title="bbox 318 1105 1530 1400">
     <span class='ocr_line' id='line_1_2' title="bbox 318 1105 1530 1195; baseline -0.007 -21"><span class='ocrx_word' id='word_1_5' title='bbox 318 1108 393 1174; x_wconf 91' lang='lat' dir='ltr'>cilio</span> <span class='ocrx_word' id='word_1_6' title='bbox 426 1130 555 1194; x_wconf 87' lang='lat' dir='ltr'>quoque</span> <span class='ocrx_word' id='word_1_7' title='bbox 589 1107 789 1184; x_wconf 85' lang='lat' dir='ltr'>Belvoceusi,</span> <span class='ocrx_word' id='word_1_8' title='bbox 813 1124 888 1174; x_wconf 91' lang='lat' dir='ltr'>cum</span> <span class='ocrx_word' id='word_1_9' title='bbox 910 1108 953 1172; x_wconf 89' lang='lat' dir='ltr'>ab</span> <span class='ocrx_word' id='word_1_10' title='bbox 980 1108 1051 1194; x_wconf 90' lang='lat' dir='ltr'>ipso</span> <span class='ocrx_word' id='word_1_11' title='bbox 1085 1107 1195 1194; x_wconf 88' lang='lat' dir='ltr'>legato</span> <span class='ocrx_word' id='word_1_12' title='bbox 1227 1105 1370 1192; x_wconf 80' lang='lat' dir='ltr'>episcopi</span> <span class='ocrx_word' id='word_1_13' title='bbox 1385 1119 1530 1195; x_wconf 70' lang='lat' dir='ltr'>mecoen-</span> 
     </span>
     <span class='ocr_line' id='line_1_3' title="bbox 319 1187 1527 1302; baseline -0.002 -28"><span class='ocrx_word' id='word_1_14' title='bbox 319 1211 533 1277; x_wconf 82' lang='lat' dir='ltr'>Normanniae</span> <span class='ocrx_word' id='word_1_15' title='bbox 573 1212 631 1298; x_wconf 90' lang='lat' dir='ltr'>qui</span> <span class='ocrx_word' id='word_1_16' title='bbox 671 1211 818 1276; x_wconf 81' lang='lat' dir='ltr'>Concilio</span> <span class='ocrx_word' id='word_1_17' title='bbox 856 1233 920 1276; x_wconf 89' lang='lat' dir='ltr'>non</span> <span class='ocrx_word' id='word_1_18' title='bbox 961 1207 1202 1276; x_wconf 86' lang='lat' dir='ltr'>interfuerant¹</span> <span class='ocrx_word' id='word_1_19' title='bbox 1242 1230 1370 1286; x_wconf 65' lang='lat' dir='ltr'>excom·</span> <span class='ocrx_word' id='word_1_20' title='bbox 1385 1187 1527 1302; x_wconf 43' lang='grc' dir='ltr'>ἕξω</span> 
     </span>
     <span class='ocr_line' id='line_1_4' title="bbox 319 1311 1372 1400; baseline -0.004 -23"><span class='ocrx_word' id='word_1_21' title='bbox 319 1314 510 1379; x_wconf 86' lang='lat' dir='ltr'>municandi</span> <span class='ocrx_word' id='word_1_22' title='bbox 533 1319 651 1390; x_wconf 88' lang='lat' dir='ltr'>essent,</span> <span class='ocrx_word' id='word_1_23' title='bbox 674 1314 744 1400; x_wconf 87' lang='lat' dir='ltr'>ipse</span> <span class='ocrx_word' id='word_1_24' title='bbox 775 1315 973 1379; x_wconf 84' lang='lat' dir='ltr'>sententiam</span> <span class='ocrx_word' id='word_1_25' title='bbox 1005 1313 1096 1378; x_wconf 88' lang='lat' dir='ltr'>illam</span> <span class='ocrx_word' id='word_1_26' title='bbox 1127 1311 1250 1376; x_wconf 86' lang='lat' dir='ltr'>mutari</span> <span class='ocrx_word' id='word_1_27' title='bbox 1272 1311 1372 1388; x_wconf 75' lang='lat' dir='ltr'>fecit,</span> 
     </span>
    </p>
   </div>
   <div class='ocr_carea' id='block_1_3' title="bbox 230 1403 1373 1485">
    <p class='ocr_par' dir='ltr' id='par_1_3' title="bbox 230 1403 1373 1485">
     <span class='ocr_line' id='line_1_5' title="bbox 230 1403 1373 1485; baseline -0.007 -15"><span class='ocrx_word' id='word_1_28' title='bbox 230 1449 237 1470; x_wconf 69' lang='lat'><em>2</em></span> <span class='ocrx_word' id='word_1_29' title='bbox 267 1449 272 1460; x_wconf 90' lang='lat'>·</span> <span class='ocrx_word' id='word_1_30' title='bbox 320 1403 407 1468; x_wconf 86' lang='lat' dir='ltr'>unde</span> <span class='ocrx_word' id='word_1_31' title='bbox 437 1431 488 1467; x_wconf 89' lang='lat' dir='ltr'>rex</span> <span class='ocrx_word' id='word_1_32' title='bbox 518 1431 615 1468; x_wconf 85' lang='lat' dir='ltr'>coram</span> <span class='ocrx_word' id='word_1_33' title='bbox 637 1413 779 1485; x_wconf 84' lang='lat' dir='ltr'>episcopis</span> <span class='ocrx_word' id='word_1_34' title='bbox 809 1413 878 1477; x_wconf 84' lang='lat' dir='ltr'>suis,</span> <span class='ocrx_word' id='word_1_35' title='bbox 903 1405 968 1468; x_wconf 81' lang='lat' dir='ltr'>ait:</span> <span class='ocrx_word' id='word_1_36' title='bbox 994 1413 1012 1435; x_wconf 89' lang='lat'>“</span> <span class='ocrx_word' id='word_1_37' title='bbox 1026 1411 1132 1466; x_wconf 86' lang='lat' dir='ltr'>Melius</span> <span class='ocrx_word' id='word_1_38' title='bbox 1159 1411 1260 1466; x_wconf 81' lang='lat' dir='ltr'>fuisset</span> <span class='ocrx_word' id='word_1_39' title='bbox 1289 1410 1373 1464; x_wconf 87' lang='lat' dir='ltr'>nobis</span> 
     </span>
    </p>
   </div>
   <div class='ocr_carea' id='block_1_4' title="bbox 320 1499 1373 1648">
    <p class='ocr_par' dir='ltr' id='par_1_4' title="bbox 320 1499 1373 1648">
     <span class='ocr_line' id='line_1_6' title="bbox 320 1499 1373 1574; baseline -0.005 -16"><span class='ocrx_word' id='word_1_40' title='bbox 320 1503 339 1527; x_wconf 80' lang='lat'>‘⁸</span> <span class='ocrx_word' id='word_1_41' title='bbox 365 1519 392 1558; x_wconf 90' lang='lat' dir='ltr'>n.</span> <span class='ocrx_word' id='word_1_42' title='bbox 408 1519 519 1558; x_wconf 80' lang='lat' dir='ltr'>marcae</span> <span class='ocrx_word' id='word_1_43' title='bbox 535 1503 648 1574; x_wconf 79' lang='lat' dir='ltr'>argenti</span> <span class='ocrx_word' id='word_1_44' title='bbox 672 1502 840 1574; x_wconf 86' lang='lat' dir='ltr'>perdidisse,</span> <span class='ocrx_word' id='word_1_45' title='bbox 857 1520 944 1573; x_wconf 84' lang='lat' dir='ltr'>quam</span> <span class='ocrx_word' id='word_1_46' title='bbox 961 1501 1134 1557; x_wconf 80' lang='lat' dir='ltr'>Eboracenei</span> <span class='ocrx_word' id='word_1_47' title='bbox 1157 1499 1373 1572; x_wconf 73' lang='lat' dir='ltr'>archiepiscopo</span> 
     </span>
     <span class='ocr_line' id='line_1_7' title="bbox 320 1593 519 1648; baseline 0.005 -1"><span class='ocrx_word' id='word_1_48' title='bbox 320 1593 339 1617; x_wconf 85' lang='lat'><strong>“</strong></span> <span class='ocrx_word' id='word_1_49' title='bbox 363 1593 519 1648; x_wconf 82' lang='lat' dir='ltr'>caruisse.”</span> 
     </span>
    </p>
   </div>
   <div class='ocr_carea' id='block_1_5' title="bbox 481 1867 1212 1936">
    <p class='ocr_par' dir='ltr' id='par_1_5' title="bbox 481 1867 1212 1936">
     <span class='ocr_line' id='line_1_8' title="bbox 481 1867 1212 1936; baseline -0.003 0"><span class='ocrx_word' id='word_1_50' title='bbox 481 1872 550 1936; x_wconf 80' lang='lat' dir='ltr'>Um</span> <span class='ocrx_word' id='word_1_51' title='bbox 573 1888 621 1936; x_wconf 75' lang='lat' dir='ltr'>An</span> <span class='ocrx_word' id='word_1_52' title='bbox 645 1887 762 1936; x_wconf 80' lang='lat' dir='ltr'>neuun</span> <span class='ocrx_word' id='word_1_53' title='bbox 785 1887 823 1934; x_wconf 81' lang='lat' dir='ltr'>in</span> <span class='ocrx_word' id='word_1_54' title='bbox 846 1871 1010 1936; x_wconf 75' lang='lat' dir='ltr'>Areum</span> <span class='ocrx_word' id='word_1_55' title='bbox 1037 1867 1212 1934; x_wconf 76' lang='lat' dir='ltr'>vnnnnrn²</span> 
     </span>
    </p>
   </div>
   <div class='ocr_carea' id='block_1_6' title="bbox 281 2058 1544 2351">
    <p class='ocr_par' dir='ltr' id='par_1_6' title="bbox 281 2058 1625 2351">
     <span class='ocr_line' id='line_1_9' title="bbox 363 2058 1512 2146; baseline -0.006 -20"><span class='ocrx_word' id='word_1_56' title='bbox 363 2062 506 2128; x_wconf 77' lang='lat' dir='ltr'>Reverso</span> <span class='ocrx_word' id='word_1_57' title='bbox 528 2065 640 2126; x_wconf 88' lang='lat' dir='ltr'>autem</span> <span class='ocrx_word' id='word_1_58' title='bbox 663 2061 699 2125; x_wconf 90' lang='lat' dir='ltr'>in</span> <span class='ocrx_word' id='word_1_59' title='bbox 724 2060 878 2146; x_wconf 86' lang='lat' dir='ltr'>Angliarn</span> <span class='ocrx_word' id='word_1_60' title='bbox 908 2081 992 2146; x_wconf 86' lang='lat' dir='ltr'>rege,</span> <span class='ocrx_word' id='word_1_61' title='bbox 1015 2059 1210 2125; x_wconf 82' lang='lat' dir='ltr'>atestensis</span> <span class='ocrx_word' id='word_1_62' title='bbox 1233 2058 1375 2124; x_wconf 85' lang='lat' dir='ltr'>Radulso</span> <span class='ocrx_word' id='word_1_63' title='bbox 1388 2061 1512 2138; x_wconf 70' lang='lat' dir='ltr'>Tursdp&#39;s</span> 
     </span>
     <span class='ocr_line' id='line_1_10' title="bbox 281 2137 1544 2258; baseline -0.01 -27"><span class='ocrx_word' id='word_1_64' title='bbox 281 2195 287 2208; x_wconf 93' lang='lat'><strong>·</strong></span> <span class='ocrx_word' id='word_1_65' title='bbox 318 2165 561 2250; x_wconf 80' lang='lat' dir='ltr'>archiepiscopo</span> <span class='ocrx_word' id='word_1_66' title='bbox 584 2169 618 2228; x_wconf 87' lang='lat' dir='ltr'>et</span> <span class='ocrx_word' id='word_1_67' title='bbox 640 2163 799 2248; x_wconf 88' lang='lat' dir='ltr'>episcopis</span> <span class='ocrx_word' id='word_1_68' title='bbox 822 2161 927 2226; x_wconf 85' lang='lat' dir='ltr'>literis</span> <span class='ocrx_word' id='word_1_69' title='bbox 949 2172 1059 2226; x_wconf 85' lang='lat' dir='ltr'>domini</span> <span class='ocrx_word' id='word_1_70' title='bbox 1076 2189 1158 2244; x_wconf 82' lang='lat' dir='ltr'>papae</span> <span class='ocrx_word' id='word_1_71' title='bbox 1174 2173 1210 2228; x_wconf 82' lang='lat' dir='ltr'>de</span> <span class='ocrx_word' id='word_1_72' title='bbox 1240 2165 1311 2250; x_wconf 92' lang='lat' dir='ltr'>ejus</span> <span class='ocrx_word' id='word_1_73' title='bbox 1333 2189 1376 2226; x_wconf 80' lang='lat' dir='ltr'>re.</span> <span class='ocrx_word' id='word_1_74' title='bbox 1389 2137 1544 2258; x_wconf 49' lang='lat' dir='ltr'><strong>{ffigffid</strong></span> 
     </span>
     <span class='ocr_line' id='line_1_11' title="bbox 317 2263 1378 2351; baseline -0.001 -20"><span class='ocrx_word' id='word_1_75' title='bbox 317 2277 459 2348; x_wconf 82' lang='lat' dir='ltr'>ceptione,</span> <span class='ocrx_word' id='word_1_76' title='bbox 483 2264 617 2330; x_wconf 89' lang='lat' dir='ltr'>coneilio</span> <span class='ocrx_word' id='word_1_77' title='bbox 640 2265 787 2328; x_wconf 90' lang='lat' dir='ltr'>omnium</span> <span class='ocrx_word' id='word_1_78' title='bbox 811 2263 916 2329; x_wconf 90' lang='lat' dir='ltr'>literis</span> <span class='ocrx_word' id='word_1_79' title='bbox 938 2269 1117 2340; x_wconf 86' lang='lat' dir='ltr'>revocatus,</span> <span class='ocrx_word' id='word_1_80' title='bbox 1133 2266 1175 2330; x_wconf 92' lang='lat' dir='ltr'>ad</span> <span class='ocrx_word' id='word_1_81' title='bbox 1198 2287 1273 2330; x_wconf 90' lang='lat' dir='ltr'>eum</span> <span class='ocrx_word' id='word_1_82' title='bbox 1289 2267 1378 2351; x_wconf 90' lang='lat' dir='ltr'>apud</span> 
     </span>
    </p>
   </div>
   <div class='ocr_carea' id='block_1_7' title="bbox 317 2367 1378 2450">
    <p class='ocr_par' dir='ltr' id='par_1_7' title="bbox 317 2367 1378 2450">
     <span class='ocr_line' id='line_1_12' title="bbox 317 2367 1378 2450; baseline 0 -18"><span class='ocrx_word' id='word_1_83' title='bbox 317 2369 526 2434; x_wconf 81' lang='lat' dir='ltr'>Windesorae</span> <span class='ocrx_word' id='word_1_84' title='bbox 549 2368 649 2442; x_wconf 83' lang='lat' dir='ltr'>venit,</span> <span class='ocrx_word' id='word_1_85' title='bbox 674 2373 708 2430; x_wconf 90' lang='lat' dir='ltr'>et</span> <span class='ocrx_word' id='word_1_86' title='bbox 730 2367 773 2431; x_wconf 91' lang='lat' dir='ltr'>ab</span> <span class='ocrx_word' id='word_1_87' title='bbox 804 2389 842 2432; x_wconf 90' lang='lat' dir='ltr'>eo</span> <span class='ocrx_word' id='word_1_88' title='bbox 874 2373 909 2432; x_wconf 86' lang='lat' dir='ltr'>et</span> <span class='ocrx_word' id='word_1_89' title='bbox 942 2395 960 2430; x_wconf 81' lang='lat' dir='ltr'>a</span> <span class='ocrx_word' id='word_1_90' title='bbox 989 2389 1076 2432; x_wconf 91' lang='lat' dir='ltr'>nova</span> <span class='ocrx_word' id='word_1_91' title='bbox 1098 2379 1210 2448; x_wconf 76' lang='lat' dir='ltr'>regina,</span> <span class='ocrx_word' id='word_1_92' title='bbox 1237 2379 1378 2450; x_wconf 80' lang='lat' dir='ltr'>episeopis</span> 
     </span>
    </p>
   </div>
   <div class='ocr_carea' id='block_1_8' title="bbox 316 2469 1516 2556">
    <p class='ocr_par' dir='ltr' id='par_1_8' title="bbox 316 2469 1516 2556">
     <span class='ocr_line' id='line_1_13' title="bbox 316 2469 1516 2556; baseline 0.002 -22"><span class='ocrx_word' id='word_1_93' title='bbox 316 2492 446 2556; x_wconf 82' lang='lat' dir='ltr'>quoque</span> <span class='ocrx_word' id='word_1_94' title='bbox 469 2484 499 2535; x_wconf 91' lang='lat' dir='ltr'>et</span> <span class='ocrx_word' id='word_1_95' title='bbox 514 2478 690 2550; x_wconf 83' lang='lat' dir='ltr'>proceribus,</span> <span class='ocrx_word' id='word_1_96' title='bbox 714 2477 876 2548; x_wconf 82' lang='lat' dir='ltr'>gaudenter</span> <span class='ocrx_word' id='word_1_97' title='bbox 887 2483 1036 2550; x_wconf 85' lang='lat' dir='ltr'>susceptus</span> <span class='ocrx_word' id='word_1_98' title='bbox 1052 2473 1109 2534; x_wconf 76' lang='lat' dir='ltr'>est.</span> <span class='ocrx_word' id='word_1_99' title='bbox 1157 2469 1239 2536; x_wconf 82' lang='lat' dir='ltr'>Inde</span> <span class='ocrx_word' id='word_1_100' title='bbox 1262 2471 1305 2535; x_wconf 78' lang='lat' dir='ltr'>ad</span> <span class='ocrx_word' id='word_1_101' title='bbox 1328 2493 1377 2536; x_wconf 81' lang='lat' dir='ltr'>se·</span> <span class='ocrx_word' id='word_1_102' title='bbox 1390 2486 1516 2536; x_wconf 66' lang='lat' dir='ltr'>Teretina</span> 
     </span>
    </p>
   </div>
   <div class='ocr_carea' id='block_1_9' title="bbox 242 2561 1535 4157">
    <p class='ocr_par' dir='ltr' id='par_1_9' title="bbox 316 2561 1535 3009">
     <span class='ocr_line' id='line_1_14' title="bbox 316 2561 1530 2682; baseline 0 -46"><span class='ocrx_word' id='word_1_103' title='bbox 316 2571 391 2636; x_wconf 89' lang='lat' dir='ltr'>dem</span> <span class='ocrx_word' id='word_1_104' title='bbox 414 2593 508 2635; x_wconf 88' lang='lat' dir='ltr'>suam</span> <span class='ocrx_word' id='word_1_105' title='bbox 542 2569 731 2646; x_wconf 88' lang='lat' dir='ltr'>revertenti,</span> <span class='ocrx_word' id='word_1_106' title='bbox 755 2575 790 2634; x_wconf 85' lang='lat' dir='ltr'>et</span> <span class='ocrx_word' id='word_1_107' title='bbox 823 2569 866 2634; x_wconf 91' lang='lat' dir='ltr'>ad</span> <span class='ocrx_word' id='word_1_108' title='bbox 889 2571 1059 2636; x_wconf 87' lang='lat' dir='ltr'>civitatem</span> <span class='ocrx_word' id='word_1_109' title='bbox 1086 2572 1377 2658; x_wconf 69' lang='lat' dir='ltr'>appropinquanti,</span> <span class='ocrx_word' id='word_1_110' title='bbox 1390 2561 1530 2682; x_wconf 52' lang='lat' dir='ltr'>{gffioffit</span> 
     </span>
     <span class='ocr_line' id='line_1_15' title="bbox 316 2668 1510 2737; baseline 0.002 -13"><span class='ocrx_word' id='word_1_111' title='bbox 316 2676 416 2726; x_wconf 84' lang='lat' dir='ltr'>tantus</span> <span class='ocrx_word' id='word_1_112' title='bbox 438 2681 613 2726; x_wconf 81' lang='lat' dir='ltr'>concursus</span> <span class='ocrx_word' id='word_1_113' title='bbox 629 2669 722 2723; x_wconf 87' lang='lat' dir='ltr'>sactus</span> <span class='ocrx_word' id='word_1_114' title='bbox 744 2674 789 2722; x_wconf 87' lang='lat' dir='ltr'>est</span> <span class='ocrx_word' id='word_1_115' title='bbox 810 2669 837 2722; x_wconf 88' lang='lat' dir='ltr'>ci</span> <span class='ocrx_word' id='word_1_116' title='bbox 861 2668 975 2724; x_wconf 86' lang='lat' dir='ltr'>obviem</span> <span class='ocrx_word' id='word_1_117' title='bbox 1006 2669 1173 2724; x_wconf 72' lang='lat' dir='ltr'>exeuntium</span> <span class='ocrx_word' id='word_1_118' title='bbox 1196 2670 1510 2737; x_wconf 67' lang='lat' dir='ltr'>clericorum,Y0rk011</span> 
     </span>
     <span class='ocr_line' id='line_1_16' title="bbox 316 2752 1535 2830; baseline 0 -16"><span class='ocrx_word' id='word_1_119' title='bbox 316 2759 534 2824; x_wconf 87' lang='lat' dir='ltr'>monachorum,</span> <span class='ocrx_word' id='word_1_120' title='bbox 569 2775 729 2830; x_wconf 89' lang='lat' dir='ltr'>procerum,</span> <span class='ocrx_word' id='word_1_121' title='bbox 760 2757 898 2822; x_wconf 89' lang='lat' dir='ltr'>militum,</span> <span class='ocrx_word' id='word_1_122' title='bbox 929 2760 1058 2812; x_wconf 75' lang='lat' dir='ltr'>rherum</span> <span class='ocrx_word' id='word_1_123' title='bbox 1088 2777 1121 2812; x_wconf 85' lang='lat' dir='ltr'>ac</span> <span class='ocrx_word' id='word_1_124' title='bbox 1148 2759 1312 2825; x_wconf 89' lang='lat' dir='ltr'>mulierum,</span> <span class='ocrx_word' id='word_1_125' title='bbox 1347 2752 1535 2814; x_wconf 65' lang='lat' dir='ltr'>uthiSrflfflm·</span> 
     </span>
     <span class='ocr_line' id='line_1_17' title="bbox 318 2847 1378 2920; baseline 0.001 -16"><span class='ocrx_word' id='word_1_126' title='bbox 318 2867 352 2904; x_wconf 88' lang='lat' dir='ltr'>ex</span> <span class='ocrx_word' id='word_1_127' title='bbox 383 2849 437 2904; x_wconf 91' lang='lat' dir='ltr'>hoc</span> <span class='ocrx_word' id='word_1_128' title='bbox 467 2848 638 2920; x_wconf 85' lang='lat' dir='ltr'>quibusdam</span> <span class='ocrx_word' id='word_1_129' title='bbox 669 2847 706 2901; x_wconf 87' lang='lat' dir='ltr'>ad</span> <span class='ocrx_word' id='word_1_130' title='bbox 736 2851 864 2902; x_wconf 89' lang='lat' dir='ltr'>mentem</span> <span class='ocrx_word' id='word_1_131' title='bbox 893 2847 1086 2913; x_wconf 71' lang='lat' dir='ltr'>reduceretur,</span> <span class='ocrx_word' id='word_1_132' title='bbox 1115 2848 1191 2919; x_wconf 91' lang='lat' dir='ltr'>quod</span> <span class='ocrx_word' id='word_1_133' title='bbox 1222 2848 1258 2903; x_wconf 92' lang='lat' dir='ltr'>de</span> <span class='ocrx_word' id='word_1_134' title='bbox 1289 2850 1378 2905; x_wconf 86' lang='lat' dir='ltr'>Beato</span> 
     </span>
     <span class='ocr_line' id='line_1_18' title="bbox 318 2936 1378 3009; baseline 0.001 -16"><span class='ocrx_word' id='word_1_135' title='bbox 318 2939 452 2993; x_wconf 87' lang='lat' dir='ltr'>Johanne</span> <span class='ocrx_word' id='word_1_136' title='bbox 468 2939 607 3009; x_wconf 87' lang='lat' dir='ltr'>scriptum</span> <span class='ocrx_word' id='word_1_137' title='bbox 623 2943 686 2992; x_wconf 87' lang='lat' dir='ltr'>est:</span> <span class='ocrx_word' id='word_1_138' title='bbox 711 2939 729 2961; x_wconf 79' lang='lat'>‘⁸</span> <span class='ocrx_word' id='word_1_139' title='bbox 742 2936 875 2992; x_wconf 74' lang='lat' dir='ltr'>Occurrit</span> <span class='ocrx_word' id='word_1_140' title='bbox 897 2937 986 2992; x_wconf 82' lang='lat' dir='ltr'>Beato</span> <span class='ocrx_word' id='word_1_141' title='bbox 1010 2937 1138 2992; x_wconf 81' lang='lat' dir='ltr'>Johanni</span> <span class='ocrx_word' id='word_1_142' title='bbox 1162 2938 1198 2992; x_wconf 87' lang='lat' dir='ltr'>ab</span> <span class='ocrx_word' id='word_1_143' title='bbox 1221 2939 1308 2993; x_wconf 84' lang='lat' dir='ltr'>exilio</span> <span class='ocrx_word' id='word_1_144' title='bbox 1332 2957 1378 2994; x_wconf 89' lang='lat' dir='ltr'>re-</span> 
     </span>
    </p>

    <p class='ocr_par' dir='ltr' id='par_1_10' title="bbox 320 3023 1380 3098">
     <span class='ocr_line' id='line_1_19' title="bbox 320 3023 1380 3098; baseline 0 -16"><span class='ocrx_word' id='word_1_145' title='bbox 320 3029 338 3052; x_wconf 88' lang='lat'>“</span> <span class='ocrx_word' id='word_1_146' title='bbox 356 3028 481 3084; x_wconf 84' lang='lat' dir='ltr'>vertenti</span> <span class='ocrx_word' id='word_1_147' title='bbox 497 3028 591 3082; x_wconf 87' lang='lat' dir='ltr'>omnis</span> <span class='ocrx_word' id='word_1_148' title='bbox 605 3023 750 3098; x_wconf 89' lang='lat' dir='ltr'>populus³</span> <span class='ocrx_word' id='word_1_149' title='bbox 772 3027 901 3081; x_wconf 85' lang='lat' dir='ltr'>virorum</span> <span class='ocrx_word' id='word_1_150' title='bbox 916 3044 950 3080; x_wconf 84' lang='lat' dir='ltr'>ac</span> <span class='ocrx_word' id='word_1_151' title='bbox 964 3027 1130 3091; x_wconf 87' lang='lat' dir='ltr'>mulierum,</span> <span class='ocrx_word' id='word_1_152' title='bbox 1146 3028 1334 3082; x_wconf 81' lang='lat' dir='ltr'>clamantium</span> <span class='ocrx_word' id='word_1_153' title='bbox 1350 3034 1380 3082; x_wconf 92' lang='lat' dir='ltr'>et</span> 
     </span>
    </p>

    <p class='ocr_par' dir='ltr' id='par_1_11' title="bbox 242 3105 1378 3187">
     <span class='ocr_line' id='line_1_20' title="bbox 242 3105 1378 3187; baseline -0.002 -15"><span class='ocrx_word' id='word_1_154' title='bbox 242 3105 246 3114; x_wconf 50' lang='lat'>¹</span> <span class='ocrx_word' id='word_1_155' title='bbox 320 3119 338 3142; x_wconf 86' lang='lat'><strong>“</strong></span> <span class='ocrx_word' id='word_1_156' title='bbox 356 3117 526 3182; x_wconf 85' lang='lat' dir='ltr'>dicentium,</span> <span class='ocrx_word' id='word_1_157' title='bbox 553 3115 747 3172; x_wconf 87' lang='lat' dir='ltr'>‘Benedictus</span> <span class='ocrx_word' id='word_1_158' title='bbox 764 3116 813 3187; x_wconf 91' lang='lat' dir='ltr'>qui</span> <span class='ocrx_word' id='word_1_159' title='bbox 828 3117 910 3170; x_wconf 79' lang='lat' dir='ltr'>venit</span> <span class='ocrx_word' id='word_1_160' title='bbox 925 3117 955 3170; x_wconf 91' lang='lat' dir='ltr'>in</span> <span class='ocrx_word' id='word_1_161' title='bbox 971 3116 1090 3172; x_wconf 88' lang='lat' dir='ltr'>nomine</span> <span class='ocrx_word' id='word_1_162' title='bbox 1106 3117 1244 3171; x_wconf 90' lang='lat' dir='ltr'>Domini.’</span> <span class='ocrx_word' id='word_1_163' title='bbox 1257 3118 1273 3140; x_wconf 82' lang='lat'>’⁵</span> <span class='ocrx_word' id='word_1_164' title='bbox 1309 3108 1378 3172; x_wconf 88' lang='lat' dir='ltr'>Ubi</span> 
     </span>
    </p>

    <p class='ocr_par' dir='ltr' id='par_1_12' title="bbox 318 3205 1378 3277">
     <span class='ocr_line' id='line_1_21' title="bbox 318 3205 1378 3277; baseline 0 -17"><span class='ocrx_word' id='word_1_165' title='bbox 318 3219 397 3262; x_wconf 88' lang='lat' dir='ltr'>vero</span> <span class='ocrx_word' id='word_1_166' title='bbox 420 3207 451 3260; x_wconf 87' lang='lat' dir='ltr'>in</span> <span class='ocrx_word' id='word_1_167' title='bbox 481 3205 618 3260; x_wconf 89' lang='lat' dir='ltr'>cathedra</span> <span class='ocrx_word' id='word_1_168' title='bbox 648 3217 708 3260; x_wconf 82' lang='lat' dir='ltr'>sua</span> <span class='ocrx_word' id='word_1_169' title='bbox 739 3223 804 3260; x_wconf 88' lang='lat' dir='ltr'>cum</span> <span class='ocrx_word' id='word_1_170' title='bbox 831 3205 1009 3260; x_wconf 85' lang='lat' dir='ltr'>exultatione</span> <span class='ocrx_word' id='word_1_171' title='bbox 1032 3211 1062 3260; x_wconf 89' lang='lat' dir='ltr'>et</span> <span class='ocrx_word' id='word_1_172' title='bbox 1084 3205 1213 3276; x_wconf 89' lang='lat' dir='ltr'>tripudio</span> <span class='ocrx_word' id='word_1_173' title='bbox 1235 3208 1378 3277; x_wconf 83' lang='lat' dir='ltr'>repositus</span> 
     </span>
    </p>

    <p class='ocr_par' dir='ltr' id='par_1_13' title="bbox 318 3289 1378 3366">
     <span class='ocr_line' id='line_1_22' title="bbox 318 3289 1378 3366; baseline -0.002 -14"><span class='ocrx_word' id='word_1_174' title='bbox 318 3289 389 3362; x_wconf 73' lang='lat' dir='ltr'>est,⁴</span> <span class='ocrx_word' id='word_1_175' title='bbox 412 3297 486 3350; x_wconf 87' lang='lat' dir='ltr'>lecto</span> <span class='ocrx_word' id='word_1_176' title='bbox 509 3301 539 3349; x_wconf 89' lang='lat' dir='ltr'>et</span> <span class='ocrx_word' id='word_1_177' title='bbox 561 3296 690 3366; x_wconf 87' lang='lat' dir='ltr'>exposito</span> <span class='ocrx_word' id='word_1_178' title='bbox 715 3296 745 3348; x_wconf 92' lang='lat' dir='ltr'>in</span> <span class='ocrx_word' id='word_1_179' title='bbox 769 3299 851 3348; x_wconf 88' lang='lat' dir='ltr'>tanta</span> <span class='ocrx_word' id='word_1_180' title='bbox 873 3295 1022 3349; x_wconf 88' lang='lat' dir='ltr'>audientia</span> <span class='ocrx_word' id='word_1_181' title='bbox 1044 3295 1080 3349; x_wconf 91' lang='lat' dir='ltr'>de</span> <span class='ocrx_word' id='word_1_182' title='bbox 1104 3295 1246 3350; x_wconf 83' lang='lat' dir='ltr'>libertatis</span> <span class='ocrx_word' id='word_1_183' title='bbox 1269 3295 1378 3350; x_wconf 82' lang='lat' dir='ltr'>Ebora·</span> 
     </span>
    </p>

    <p class='ocr_par' dir='ltr' id='par_1_14' title="bbox 318 3383 1379 3546">
     <span class='ocr_line' id='line_1_23' title="bbox 318 3383 1378 3455; baseline -0.002 -14"><span class='ocrx_word' id='word_1_184' title='bbox 318 3387 411 3441; x_wconf 85' lang='lat' dir='ltr'>oensis</span> <span class='ocrx_word' id='word_1_185' title='bbox 433 3385 561 3440; x_wconf 79' lang='lat' dir='ltr'>ecclesioe</span> <span class='ocrx_word' id='word_1_186' title='bbox 583 3384 786 3439; x_wconf 81' lang='lat' dir='ltr'>reformatione</span> <span class='ocrx_word' id='word_1_187' title='bbox 809 3383 976 3455; x_wconf 82' lang='lat' dir='ltr'>Apostolico</span> <span class='ocrx_word' id='word_1_188' title='bbox 999 3384 1163 3454; x_wconf 83' lang='lat' dir='ltr'>privilegio,</span> <span class='ocrx_word' id='word_1_189' title='bbox 1187 3401 1286 3439; x_wconf 85' lang='lat' dir='ltr'>omnes</span> <span class='ocrx_word' id='word_1_190' title='bbox 1309 3404 1378 3440; x_wconf 91' lang='lat' dir='ltr'>con-</span> 
     </span>
     <span class='ocr_line' id='line_1_24' title="bbox 318 3465 1379 3546; baseline 0.001 -17"><span class='ocrx_word' id='word_1_191' title='bbox 318 3465 478 3546; x_wconf 79' lang='lat' dir='ltr'>gratulati⁵</span> <span class='ocrx_word' id='word_1_192' title='bbox 512 3479 589 3539; x_wconf 89' lang='lat' dir='ltr'>eunt,</span> <span class='ocrx_word' id='word_1_193' title='bbox 625 3479 655 3529; x_wconf 90' lang='lat' dir='ltr'>et</span> <span class='ocrx_word' id='word_1_194' title='bbox 687 3473 748 3529; x_wconf 92' lang='lat' dir='ltr'>Deo</span> <span class='ocrx_word' id='word_1_195' title='bbox 781 3474 891 3543; x_wconf 84' lang='lat' dir='ltr'>gratias</span> <span class='ocrx_word' id='word_1_196' title='bbox 922 3473 1119 3528; x_wconf 88' lang='lat' dir='ltr'>reddiderunt.</span> <span class='ocrx_word' id='word_1_197' title='bbox 1178 3474 1213 3528; x_wconf 92' lang='lat' dir='ltr'>In</span> <span class='ocrx_word' id='word_1_198' title='bbox 1247 3475 1379 3546; x_wconf 87' lang='lat' dir='ltr'>proxima</span> 
     </span>
    </p>

    <p class='ocr_par' dir='ltr' id='par_1_15' title="bbox 319 3563 1379 3634">
     <span class='ocr_line' id='line_1_25' title="bbox 319 3563 1379 3634; baseline -0.001 -14"><span class='ocrx_word' id='word_1_199' title='bbox 319 3564 410 3620; x_wconf 87' lang='lat' dir='ltr'>Coena</span> <span class='ocrx_word' id='word_1_200' title='bbox 431 3563 560 3628; x_wconf 90' lang='lat' dir='ltr'>Domini,</span> <span class='ocrx_word' id='word_1_201' title='bbox 584 3563 717 3618; x_wconf 83' lang='lat' dir='ltr'>crismate</span> <span class='ocrx_word' id='word_1_202' title='bbox 733 3563 900 3618; x_wconf 85' lang='lat' dir='ltr'>solemniter</span> <span class='ocrx_word' id='word_1_203' title='bbox 923 3567 1097 3628; x_wconf 84' lang='lat' dir='ltr'>consecrato,</span> <span class='ocrx_word' id='word_1_204' title='bbox 1114 3567 1223 3634; x_wconf 85' lang='lat' dir='ltr'>septem</span> <span class='ocrx_word' id='word_1_205' title='bbox 1246 3563 1379 3619; x_wconf 88' lang='lat' dir='ltr'>denarios</span> 
     </span>
    </p>

    <p class='ocr_par' dir='ltr' id='par_1_16' title="bbox 318 3651 1377 3729">
     <span class='ocr_line' id='line_1_26' title="bbox 318 3651 1377 3729; baseline 0 -21"><span class='ocrx_word' id='word_1_206' title='bbox 318 3653 354 3708; x_wconf 93' lang='lat' dir='ltr'>de</span> <span class='ocrx_word' id='word_1_207' title='bbox 377 3655 500 3724; x_wconf 78' lang='lat' dir='ltr'>singolis</span> <span class='ocrx_word' id='word_1_208' title='bbox 522 3652 650 3707; x_wconf 84' lang='lat' dir='ltr'>ecclesiis</span> <span class='ocrx_word' id='word_1_209' title='bbox 672 3652 893 3725; x_wconf 85' lang='lat' dir='ltr'>parochialibus,</span> <span class='ocrx_word' id='word_1_210' title='bbox 910 3657 940 3705; x_wconf 90' lang='lat' dir='ltr'>et</span> <span class='ocrx_word' id='word_1_211' title='bbox 963 3657 1085 3722; x_wconf 88' lang='lat' dir='ltr'>quatuor</span> <span class='ocrx_word' id='word_1_212' title='bbox 1106 3651 1279 3724; x_wconf 85' lang='lat' dir='ltr'>decapellie,</span> <span class='ocrx_word' id='word_1_213' title='bbox 1296 3665 1377 3729; x_wconf 87' lang='lat' dir='ltr'>quos</span> 
     </span>
    </p>

    <p class='ocr_par' dir='ltr' id='par_1_17' title="bbox 318 3731 1377 3817">
     <span class='ocr_line' id='line_1_27' title="bbox 318 3731 1377 3817; baseline -0.001 -19"><span class='ocrx_word' id='word_1_214' title='bbox 318 3761 353 3798; x_wconf 86' lang='lat' dir='ltr'>ex</span> <span class='ocrx_word' id='word_1_215' title='bbox 376 3743 496 3815; x_wconf 84' lang='lat' dir='ltr'>antiqua</span> <span class='ocrx_word' id='word_1_216' title='bbox 527 3741 734 3797; x_wconf 86' lang='lat' dir='ltr'>consuetudine</span> <span class='ocrx_word' id='word_1_217' title='bbox 757 3731 904 3817; x_wconf 75' lang='lat' dir='ltr'>quolibet</span> <span class='ocrx_word' id='word_1_218' title='bbox 926 3758 1003 3796; x_wconf 85' lang='lat' dir='ltr'>anno</span> <span class='ocrx_word' id='word_1_219' title='bbox 1036 3758 1087 3812; x_wconf 92' lang='lat' dir='ltr'>pro</span> <span class='ocrx_word' id='word_1_220' title='bbox 1120 3741 1253 3796; x_wconf 85' lang='lat' dir='ltr'>crismate</span> <span class='ocrx_word' id='word_1_221' title='bbox 1275 3742 1377 3797; x_wconf 87' lang='lat' dir='ltr'>redde-</span> 
     </span>
    </p>

    <p class='ocr_par' dir='ltr' id='par_1_18' title="bbox 317 3824 1378 3994">
     <span class='ocr_line' id='line_1_28' title="bbox 317 3824 1378 3902; baseline -0.001 -15"><span class='ocrx_word' id='word_1_222' title='bbox 317 3833 397 3897; x_wconf 84' lang='lat' dir='ltr'>bant,</span> <span class='ocrx_word' id='word_1_223' title='bbox 422 3832 580 3887; x_wconf 84' lang='lat' dir='ltr'>liberaliter</span> <span class='ocrx_word' id='word_1_224' title='bbox 600 3832 722 3896; x_wconf 84' lang='lat' dir='ltr'>remisit,</span> <span class='ocrx_word' id='word_1_225' title='bbox 746 3835 776 3886; x_wconf 86' lang='lat' dir='ltr'>et</span> <span class='ocrx_word' id='word_1_226' title='bbox 798 3824 1004 3902; x_wconf 85' lang='lat' dir='ltr'>inperpetuum</span> <span class='ocrx_word' id='word_1_227' title='bbox 1027 3829 1216 3886; x_wconf 82' lang='lat' dir='ltr'>remittendos</span> <span class='ocrx_word' id='word_1_228' title='bbox 1242 3829 1378 3886; x_wconf 85' lang='lat' dir='ltr'>decrevit.</span> 
     </span>
     <span class='ocr_line' id='line_1_29' title="bbox 318 3918 1377 3994; baseline 0.002 -18"><span class='ocrx_word' id='word_1_229' title='bbox 318 3922 447 3977; x_wconf 84' lang='lat' dir='ltr'>Pretium</span> <span class='ocrx_word' id='word_1_230' title='bbox 470 3937 583 3994; x_wconf 88' lang='lat' dir='ltr'>quoque</span> <span class='ocrx_word' id='word_1_231' title='bbox 605 3938 658 3992; x_wconf 86' lang='lat' dir='ltr'>pro</span> <span class='ocrx_word' id='word_1_232' title='bbox 688 3920 845 3994; x_wconf 85' lang='lat' dir='ltr'>sepultura,</span> <span class='ocrx_word' id='word_1_233' title='bbox 868 3919 916 3976; x_wconf 88' lang='lat' dir='ltr'>vel</span> <span class='ocrx_word' id='word_1_234' title='bbox 937 3937 990 3990; x_wconf 90' lang='lat' dir='ltr'>pro</span> <span class='ocrx_word' id='word_1_235' title='bbox 1020 3920 1157 3976; x_wconf 87' lang='lat' dir='ltr'>unctione</span> <span class='ocrx_word' id='word_1_236' title='bbox 1187 3918 1377 3986; x_wconf 80' lang='lat' dir='ltr'>infirmorum,</span> 
     </span>
    </p>

    <p class='ocr_par' dir='ltr' id='par_1_19' title="bbox 317 4008 1377 4157">
     <span class='ocr_line' id='line_1_30' title="bbox 317 4008 1377 4084; baseline -0.001 -18"><span class='ocrx_word' id='word_1_237' title='bbox 317 4012 365 4067; x_wconf 83' lang='lat' dir='ltr'>vel</span> <span class='ocrx_word' id='word_1_238' title='bbox 387 4029 439 4083; x_wconf 91' lang='lat' dir='ltr'>pro</span> <span class='ocrx_word' id='word_1_239' title='bbox 462 4011 630 4084; x_wconf 83' lang='lat' dir='ltr'>baptisterio</span> <span class='ocrx_word' id='word_1_240' title='bbox 646 4011 771 4082; x_wconf 79' lang='lat' dir='ltr'>exigere,</span> <span class='ocrx_word' id='word_1_241' title='bbox 787 4010 834 4067; x_wconf 83' lang='lat' dir='ltr'>vel</span> <span class='ocrx_word' id='word_1_242' title='bbox 856 4010 996 4081; x_wconf 84' lang='lat' dir='ltr'>accipere,</span> <span class='ocrx_word' id='word_1_243' title='bbox 1012 4009 1069 4064; x_wconf 83' lang='lat' dir='ltr'>nisi</span> <span class='ocrx_word' id='word_1_244' title='bbox 1093 4015 1251 4082; x_wconf 82' lang='lat' dir='ltr'>spontanee</span> <span class='ocrx_word' id='word_1_245' title='bbox 1266 4008 1377 4076; x_wconf 80' lang='lat' dir='ltr'>datum,</span> 
     </span>
     <span class='ocr_line' id='line_1_31' title="bbox 318 4092 651 4157; baseline -0.009 0"><span class='ocrx_word' id='word_1_246' title='bbox 318 4092 470 4157; x_wconf 89' lang='lat' dir='ltr'>omnibus</span> <span class='ocrx_word' id='word_1_247' title='bbox 492 4099 651 4156; x_wconf 80' lang='lat' dir='ltr'>interdixit.</span> 
     </span>
    </p>
   </div>
   <div class='ocr_carea' id='block_1_10' title="bbox 320 4389 1375 4775">
    <p class='ocr_par' dir='ltr' id='par_1_20' title="bbox 320 4389 1200 4534">
     <span class='ocr_line' id='line_1_32' title="bbox 354 4389 1200 4458; baseline -0.002 -16"><span class='ocrx_word' id='word_1_248' title='bbox 354 4394 362 4426; x_wconf 85' lang='lat'><em>¹</em></span> <span class='ocrx_word' id='word_1_249' title='bbox 379 4393 559 4458; x_wconf 69' lang='lat' dir='ltr'>teterfimant]</span> <span class='ocrx_word' id='word_1_250' title='bbox 579 4392 687 4454; x_wconf 74' lang='lat' dir='ltr'>buerant,</span> <span class='ocrx_word' id='word_1_251' title='bbox 696 4391 730 4442; x_wconf 84' lang='lat' dir='ltr'>A.</span> <span class='ocrx_word' id='word_1_252' title='bbox 741 4393 772 4441; x_wconf 90' lang='lat' dir='ltr'>B.</span> <span class='ocrx_word' id='word_1_253' title='bbox 788 4391 817 4442; x_wconf 89' lang='lat' dir='ltr'>C.</span> <span class='ocrx_word' id='word_1_254' title='bbox 904 4393 915 4424; x_wconf 83' lang='lat'>³</span> <span class='ocrx_word' id='word_1_255' title='bbox 928 4389 1051 4455; x_wconf 74' lang='grc' dir='ltr'>ροριώω]</span> <span class='ocrx_word' id='word_1_256' title='bbox 1072 4390 1152 4454; x_wconf 85' lang='lat' dir='ltr'>plebs,</span> <span class='ocrx_word' id='word_1_257' title='bbox 1164 4391 1200 4440; x_wconf 89' lang='lat' dir='ltr'>A.</span> 
     </span>
     <span class='ocr_line' id='line_1_33' title="bbox 320 4463 1102 4534; baseline -0.009 -8"><span class='ocrx_word' id='word_1_258' title='bbox 320 4475 353 4526; x_wconf 91' lang='lat' dir='ltr'>D.</span> <span class='ocrx_word' id='word_1_259' title='bbox 366 4475 396 4524; x_wconf 79' lang='lat' dir='ltr'>E.</span> <span class='ocrx_word' id='word_1_260' title='bbox 409 4475 438 4522; x_wconf 81' lang='lat' dir='ltr'>F.</span> <span class='ocrx_word' id='word_1_261' title='bbox 451 4473 485 4524; x_wconf 85' lang='lat' dir='ltr'>G.</span> <span class='ocrx_word' id='word_1_262' title='bbox 671 4463 675 4471; x_wconf 79' lang='grc'><strong>’</strong></span> <span class='ocrx_word' id='word_1_263' title='bbox 907 4469 985 4534; x_wconf 75' lang='lat' dir='ltr'>⁴ert]</span> <span class='ocrx_word' id='word_1_264' title='bbox 1006 4485 1056 4519; x_wconf 89' lang='lat' dir='ltr'>om.</span> <span class='ocrx_word' id='word_1_265' title='bbox 1070 4470 1102 4521; x_wconf 87' lang='lat' dir='ltr'>G.</span> 
     </span>
    </p>

    <p class='ocr_par' dir='ltr' id='par_1_21' title="bbox 320 4547 1375 4775">
     <span class='ocr_line' id='line_1_34' title="bbox 353 4547 1375 4616; baseline 0.001 -16"><span class='ocrx_word' id='word_1_266' title='bbox 353 4551 490 4616; x_wconf 68' lang='grc' dir='ltr'>2υιεπσήί]</span> <span class='ocrx_word' id='word_1_267' title='bbox 511 4550 650 4612; x_wconf 83' lang='lat' dir='ltr'>advenerit,</span> <span class='ocrx_word' id='word_1_268' title='bbox 669 4551 703 4602; x_wconf 79' lang='lat' dir='ltr'>A.</span> <span class='ocrx_word' id='word_1_269' title='bbox 722 4551 753 4600; x_wconf 94' lang='lat' dir='ltr'>D.</span> <span class='ocrx_word' id='word_1_270' title='bbox 771 4549 818 4607; x_wconf 83' lang='lat' dir='ltr'>F.;</span> <span class='ocrx_word' id='word_1_271' title='bbox 907 4549 917 4580; x_wconf 82' lang='lat'>⁵</span> <span class='ocrx_word' id='word_1_272' title='bbox 934 4547 1118 4613; x_wconf 75' lang='lat' dir='ltr'>conyrutuluti]</span> <span class='ocrx_word' id='word_1_273' title='bbox 1139 4549 1267 4615; x_wconf 81' lang='lat' dir='ltr'>gratulati,</span> <span class='ocrx_word' id='word_1_274' title='bbox 1288 4551 1322 4600; x_wconf 81' lang='grc' dir='ltr'>Α.</span> <span class='ocrx_word' id='word_1_275' title='bbox 1342 4551 1375 4601; x_wconf 88' lang='grc' dir='ltr'>Β.</span> 
     </span>
     <span class='ocr_line' id='line_1_35' title="bbox 322 4627 1078 4695; baseline -0.001 -15"><span class='ocrx_word' id='word_1_276' title='bbox 322 4633 455 4694; x_wconf 86' lang='lat' dir='ltr'>Quomodo</span> <span class='ocrx_word' id='word_1_277' title='bbox 480 4629 631 4680; x_wconf 82' lang='lat' dir='ltr'>&#39;Ihurstinue</span> <span class='ocrx_word' id='word_1_278' title='bbox 654 4629 679 4679; x_wconf 90' lang='lat' dir='ltr'>in</span> <span class='ocrx_word' id='word_1_279' title='bbox 701 4627 822 4695; x_wconf 85' lang='lat' dir='ltr'>Angliam</span> <span class='ocrx_word' id='word_1_280' title='bbox 876 4633 904 4685; x_wconf 86' lang='lat' dir='ltr'>C.</span> <span class='ocrx_word' id='word_1_281' title='bbox 918 4635 993 4684; x_wconf 75' lang='lat' dir='ltr'>uu.</span> <span class='ocrx_word' id='word_1_282' title='bbox 1008 4633 1034 4686; x_wconf 81' lang='grc' dir='ltr'><strong>Ι’“,</strong></span> <span class='ocrx_word' id='word_1_283' title='bbox 1047 4635 1078 4686; x_wconf 84' lang='lat' dir='ltr'>G.</span> 
     </span>
     <span class='ocr_line' id='line_1_36' title="bbox 320 4709 764 4775; baseline -0.011 -11"><span class='ocrx_word' id='word_1_284' title='bbox 320 4711 419 4764; x_wconf 82' lang='lat' dir='ltr'>rediens</span> <span class='ocrx_word' id='word_1_285' title='bbox 431 4711 464 4760; x_wconf 87' lang='lat' dir='ltr'>od</span> <span class='ocrx_word' id='word_1_286' title='bbox 475 4725 562 4775; x_wconf 78' lang='lat' dir='ltr'>rogem</span> <span class='ocrx_word' id='word_1_287' title='bbox 574 4709 677 4770; x_wconf 82' lang='lat' dir='ltr'>venerit,</span> <span class='ocrx_word' id='word_1_288' title='bbox 689 4711 719 4760; x_wconf 90' lang='lat' dir='ltr'>B.</span> <span class='ocrx_word' id='word_1_289' title='bbox 733 4711 764 4762; x_wconf 87' lang='lat' dir='ltr'>G.</span> 
     </span>
    </p>
   </div>
   <div class='ocr_carea' id='block_1_11' title="bbox 0 0 1772 5790">
    <p class='ocr_par' dir='ltr' id='par_1_22' title="bbox 0 0 1772 5790">
     <span class='ocr_line' id='line_1_37' title="bbox 0 0 1772 5790; baseline 0 0"><span class='ocrx_word' id='word_1_290' title='bbox 0 0 1772 5790; x_wconf 95' lang='lat' dir='ltr'> </span> 
     </span>
    </p>
   </div>
  </div>
 </body>
</html>
