3454 5816
444 881 510 944 490
865 896 1053 948 aermnrx.

1675 1019 1677 1090 l

274 1091 376 1174 Hislife
442 1093 545 1163 gratioe
570 1093 634 1156 Dei,
659 1109 723 1163 qum
757 1093 786 1145 in
820 1092 949 1146 moribus
982 1091 1045 1162 ejus
1067 1091 1207 1158 enitebat,
1231 1091 1356 1146 decanus
1396 1091 1505 1154 fuctus,

272 1162 385 1274 Ἔγνω·
441 1183 605 1237 adolescens
646 1183 827 1253 praeponitur
869 1182 1007 1246 senibus;
1046 1186 1188 1252 quatenus
1230 1183 1352 1238 canities
1400 1199 1506 1236 sensus

272 1237 380 1278 ΗΜ·
442 1273 520 1326 runs
569 1279 599 1326 n
630 1272 817 1326 immaculata
848 1272 910 1326 vite
944 1271 1023 1325 uun
1057 1272 1232 1326 macunen
1266 1289 1370 1326 senum
1409 1269 1505 1325 viam

440 1363 624 1426 emacularet,
670 1379 704 1416 ac
735 1361 861 1432 pueriles
903 1375 1003 1430 seusus
1037 1361 1155 1414 illorum
1196 1360 1292 1416 studio
1329 1361 1504 1432 disciplina

440 1454 563 1506 caelestis
589 1456 749 1506 evacuaret.
797 1450 854 1506 Sed
877 1451 923 1504 illi
956 1450 1051 1520 magis
1072 1452 1194 1521 antiqua
1216 1468 1313 1522 prave
1336 1449 1505 1506 senectutis

441 1543 547 1596 itinera
579 1547 676 1596 tenere
708 1541 849 1604 uolentes,
874 1541 943 1594 licet
975 1557 1042 1595 euru
1065 1537 1174 1594 bonum
1205 1540 1334 1610 beneque
1357 1547 1504 1611 agentem

383 1667 388 1676 -
440 1631 546 1684 blando
579 1631 676 1685 favore
707 1630 861 1700 debitoque
894 1630 1004 1684 bonore
1034 1635 1251 1694 venerarentur,
1275 1635 1374 1684 tamen
1413 1630 1503 1683 illum

440 1722 521 1774 nullo
555 1728 639 1791 pacto
670 1738 701 1774 se
733 1720 763 1772 iu
806 1719 914 1774 talibus
946 1718 1095 1773 audituros
1133 1717 1321 1774 affirmabant.
1368 1719 1416 1774 At
1440 1719 1502 1784 ille,

440 1811 475 1864 de
510 1809 603 1864 laudis
626 1811 753 1880 ipsorum
776 1809 949 1863 ventositate
981 1807 1057 1862 nihil
1080 1825 1194 1874 curans,
1218 1807 1353 1879 gemebat
1375 1807 1503 1874 cotidie,

438 1906 469 1954 et
500 1907 534 1954 ut
567 1899 622 1952 sibi
656 1899 694 1953 ad
727 1898 851 1954 salutem
883 1915 964 1952 suam
1000 1894 1091 1954 Deus‘
1112 1899 1285 1964 consuleret,
1321 1897 1503 1971 precabatur

438 1995 522 2044 nocto
545 2007 579 2044 ac
601 1988 656 2044 die.

743 2163 954 2232 anneum
977 2163 1185 2230 Sacusnuu.

270 2321 373 2372 Osveld
480 2317 590 2374 Verum
625 2315 675 2370 ubi
699 2313 853 2386 perpendit
886 2313 953 2367 illos
968 2318 1088 2384 propter
1109 2329 1176 2366 enm
1210 2327 1393 2383 nequequam
1418 2311 1500 2367 velle
1513 2311 1617 2364 muner,

269 2397 408 2504 ffimm
436 2426 454 2462 a
476 2408 566 2462 veteri
589 2407 651 2460 rita
672 2404 830 2468 emendari,
854 2420 940 2473 seque
963 2420 1015 2474 per
1037 2403 1113 2466 illos,
1130 2402 1155 2456 si
1178 2419 1237 2456 non
1260 2401 1466 2456 absentaretur
1481 2421 1500 2456 a
1513 2392 1555 2440 ¹³¹³·
1568 2381 1614 2424 Μ·

312 2471 335 2504 ⁰'
437 2516 488 2552 siro
511 2498 667 2568 proposito,
692 2512 774 2566 posse
805 2492 968 2564 depravari,
992 2497 1089 2564 spreta
1111 2509 1168 2562 qua
1191 2491 1362 2561 cingebatur
1385 2509 1498 2564 pompa

437 2587 579 2650 sreculuri,
604 2585 707 2656 spretis
741 2599 853 2654 quoque
876 2581 989 2636 divitiis
1023 2597 1146 2652 quarum
1179 2581 1263 2652 copia
1295 2580 1494 2646 redundabat,

436 2677 546 2731 relictis
590 2687 720 2750 quoque
761 2671 907 2727 canonicis
947 2688 1070 2742 quorum
1111 2669 1329 2725 conversatione
1370 2677 1497 2726 eatenus

437 2785 503 2820 usus
548 2765 650 2828 fuerat,
693 2763 768 2817 redit
813 2761 850 2816 ad
893 2750 1167 2837 archipraesulem‚
1212 2765 1347 2832 patruum
1394 2778 1497 2825 auum,

435 2857 585 2925 negotium
618 2853 719 2908 uelutis
762 2850 868 2906 animur
912 2867 971 2905 suas
1017 2867 1082 2904 cum
1115 2867 1148 2904 eo
1182 2855 1365 2904 tractaturus.
1412 2849 1496 2919 Quid

435 2945 551 2999 multa?
597 2935 647 2998 De
671 2933 774 3019 ipsius
808 2930 999 2996 concilicet
1030 2951 1164 2994 assensu
1198 2929 1377 2994 monachus
1399 2931 1496 3016 apud

436 3038 629 3112 Florianum,
650 3033 708 3097 ubi
731 3033 844 3097 Sancti
880 3032 985 3117 patris
1014 3030 1184 3095 Benedicti
1210 3031 1356 3116 reliquias
1380 3033 1495 3117 requi·

429 3145 561 3216 escunt,
578 3137 649 3200 fieri
665 3133 845 3200 anhelavit.
893 3143 931 3196 Et
947 3141 1063 3213 quidem
1079 3143 1143 3206 haec
1158 3142 1261 3213 patriae
1278 3133 1496 3199 denunciatio

435 3257 468 3292 ea
490 3255 522 3291 re
553 3241 623 3290 tuuc
647 3235 688 3288 itu
710 3233 859 3303 utriusque
890 3233 1035 3287 voluntati
1058 3231 1243 3304 complacuit,
1268 3232 1403 3302 quoniam
1440 3251 1496 3304 per

435 3326 466 3381 id
497 3325 635 3396 temporis
677 3322 781 3392 religio
812 3321 976 3376 monachici
1010 3321 1130 3386 ordinis,
1166 3339 1230 3392 quse
1276 3325 1339 3375 tum
1370 3329 1495 3393 propter

435 3416 621 3470 barbamrum
652 3413 816 3483 frequentes
848 3411 1033 3482 irruptiones,
1066 3416 1129 3464 tum
1163 3416 1281 3482 propter
1307 3411 1493 3482 quorundam

435 3505 661 3576 malignantium
685 3501 867 3558 turbulentas
889 3499 1045 3556 seditiones
1078 3499 1189 3554 dudum
1213 3501 1244 3554 in
1271 3499 1381 3571 Anglia
1403 3519 1493 3572 paene

435 3601 497 3650 tota
519 3595 693 3657 aboleverat,
709 3591 833 3646 necdum
857 3591 902 3646 sui
924 3590 1034 3659 rigoris
1057 3595 1135 3644 statu
1156 3590 1312 3644 reformata
1334 3591 1491 3646 claruerat.

480 3685 610 3740 Mittitur
643 3699 712 3752 ergo
741 3679 858 3750 juvenis
881 3679 1055 3744 Floriacum,
1079 3678 1141 3733 illic
1172 3679 1291 3733 floribus
1323 3679 1491 3735 fulciendus

434 3776 585 3830 virtutum.
632 3773 793 3826 Mittuntur
808 3787 920 3840 quoquc
935 3759 1041 3825 literae
1056 3759 1336 3825 commendatitiae
1348 3767 1491 3838 juvenem

433 3865 531 3919 abbati
554 3869 584 3918 et
597 3861 746 3916 monachis
762 3849 1036 3914 commendantes.
1084 3857 1257 3928 Suscipitur,
1273 3862 1312 3922 et,
1329 3849 1492 3914 monachus

434 3954 535 4008 habitu
570 3953 672 4016 factus,
695 3950 757 4003 rita
780 3965 892 4020 quoque
915 3947 1050 4002 monachi
1082 3947 1114 4001 iu
1137 3947 1208 4018 ipsis
1245 3947 1412 4020 primordiis
1442 3955 1492 4004 est

433 4044 590 4098 decoratus.
638 4039 693 4109 Qui
726 4038 817 4108 igitur
839 4042 958 4092 venerat
992 4037 1029 4091 ab
1051 4037 1117 4091 aliis
1140 4036 1246 4102 doceri,
1271 4036 1342 4091 alios
1365 4037 1489 4104 imitari,

433 4134 522 4188 talem
553 4149 583 4186 se
606 4131 665 4186 illis
696 4128 837 4192 exhibuit,
861 4133 895 4182 nt
928 4127 998 4180 satis
1020 4126 1161 4182 baberent
1194 4126 1226 4180 in
1256 4143 1291 4181 ec
1324 4143 1381 4197 quo
1403 4126 1489 4184 dono.

432 4229 534 4278 rentur
556 4221 633 4292 quod
656 4218 849 4273 imitarentur.
897 4205 1040 4286 Quantae
1071 4210 1184 4271 autem
1206 4205 1417 4294 perfectionis
1450 4215 1490 4274 et

433 4315 620 4381 sanctitatis
652 4313 731 4376 dum
764 4309 812 4374 ibi
850 4309 967 4374 extitit
1003 4307 1113 4386 fuerit,
1145 4307 1252 4374 vitam
1287 4330 1380 4374 suam
1412 4331 1490 4396 per-

433 4417 543 4504 legens
566 4435 755 4502 cognoscere
779 4411 908 4498 poterit.

744 4599 952 4664 Onrrruuuu
975 4597 1146 4662 Tuurrun.

266 4761 400 4812 Odosum·
477 4751 632 4820 Postquam
666 4753 763 4802 autem
795 4761 882 4816 supra
912 4747 1087 4800 memoratus
1129 4741 1270 4813 pontifex,
1311 4742 1611 4809 venerabiliorem
1677 4769 1678 4786 1

264 4828 419 4948 Ἢὴῖζθ·
432 4841 505 4907 Odo,
538 4845 615 4894 certo
647 4837 739 4892 relatu
785 4834 922 4904 cognovit
966 4837 1101 4906 nepotem
1133 4849 1216 4888 suum
1251 4830 1415 4888 Oswaldum
1453 4833 1486 4887 iu
