3582 5798
685 891 843 942 sucrons
866 893 1005 944 ssunro.
1322 881 1365 949 87

310 1073 472 1144 solatione
505 1077 708 1146 miserorum.
762 1087 917 1164 Nullaque
952 1079 1096 1166 corporis
1119 1079 1277 1148 valetudo
1309 1083 1360 1148 vel

311 1179 463 1246 molestia
500 1180 563 1248 hoc
601 1183 637 1248 in
671 1203 710 1248 eo
741 1191 907 1248 retmdubat
940 1183 1144 1268 obsequium,
1167 1185 1225 1250 sed
1257 1207 1364 1272 neque

311 1301 408 1358 nunc,
423 1282 501 1350 licet
524 1305 600 1350 eum
622 1283 794 1350 infestaret
815 1284 979 1371 aegritudo
1000 1285 1139 1370 gravior.
1173 1286 1254 1352 Erat
1275 1288 1364 1352 enim

311 1383 449 1469 spiritus
480 1386 646 1453 robustior
678 1392 832 1454 excutere
864 1386 1033 1464 desidiam,
1064 1387 1272 1475 diligentiam
1311 1392 1363 1454 in-

311 1490 432 1563 cutere,
446 1487 635 1554 ministrare
650 1489 746 1566 vires,
770 1509 852 1574 quas
874 1508 941 1553 non
955 1487 1100 1554 habebat
1123 1511 1198 1556 caro
1222 1492 1363 1558 infirma.

355 1587 401 1653 Et
418 1589 490 1675 jam
513 1590 550 1655 in
583 1589 744 1656 desiderio
777 1590 897 1656 animae
929 1591 1125 1678 suspirantis
1157 1593 1200 1658 ad
1222 1595 1365 1680 patriam

310 1691 491 1756 oratorium
513 1713 589 1759 cum
611 1693 680 1758 suis
703 1693 756 1757 die
787 1691 929 1777 quodam
960 1714 1107 1778 egressus
1129 1699 1187 1758 est.
1235 1695 1279 1760 Et
1301 1697 1363 1761 sub

310 1791 389 1857 divo
419 1799 521 1872 stans,
551 1793 791 1860 irreverberata
824 1794 992 1860 oculorum
1023 1795 1094 1861 acie
1128 1796 1304 1862 intendens
1326 1799 1363 1863 in

310 1893 437 1973 caelum,
469 1897 586 1962 orabat
624 1898 660 1962 in
697 1917 776 1964 voce
815 1895 1031 1962 exultationis
1068 1903 1103 1962 et
1140 1898 1361 1966 confessionis.

310 1994 429 2082 Neque
462 1998 590 2065 lumina
620 1999 772 2086 superius
806 1997 875 2064 fixa
906 2006 1033 2074 deflexit,
1057 2008 1107 2064 sed
1130 2009 1213 2082 quasi
1235 2015 1362 2068 contem·

311 2109 440 2180 piaretur
458 2101 641 2187 jocundum
664 2101 791 2186 aliquid
813 2106 848 2166 et
879 2099 1081 2179 delectabile,
1104 2111 1267 2168 diutissime
1289 2125 1362 2190 per·

140 2192 259 2322 {⁸23¹ss
311 2202 485 2269 severabct
506 2204 563 2269 ita
608 2206 768 2270 Astantes
801 2207 914 2268 autem
946 2223 1014 2288 prae
1048 2204 1267 2272 admiratione
1290 2215 1360 2287 quid

159 2295 166 2307 '
213 2295 219 2308 '
311 2305 461 2373 tantopere
493 2303 656 2359 intueretur
689 2301 828 2358 sciscitati
861 2307 939 2356 sunt.
985 2301 1095 2371 Quibus
1127 2303 1199 2360 illa:
1223 2301 1240 2330 ‘¹
1253 2295 1360 2360 Susti-

311 2389 329 2414 “
352 2387 438 2461 nete,
460 2382 529 2462 filii,
546 2404 665 2470 quaeso,
681 2387 721 2450 ut
742 2387 941 2470 praegustem
964 2383 1052 2468 quod
1075 2383 1157 2446 mihi
1180 2386 1360 2470 repositum
1373 2404 1415 2454 He

310 2489 327 2518 “
350 2489 408 2550 est.
447 2485 529 2552 Ecce
552 2487 647 2552 venit
668 2485 750 2552 hora
771 2505 853 2564 mea,
876 2490 911 2550 et
933 2490 1023 2551 meta
1044 2485 1183 2564 militiae,
1206 2487 1285 2572 quia
1307 2485 1514 2589 ffieiffdffl

312 2593 329 2619 ‘¹
351 2587 495 2654 crastina
525 2589 648 2656 diescet
670 2587 753 2652 mihi
774 2608 843 2654 non
865 2586 1060 2652 vicissitudo
1081 2586 1165 2652 lucis
1188 2609 1287 2673 quam
1310 2590 1360 2654 in-

311 2693 327 2720 “
351 2688 518 2774 terpolaut
539 2689 692 2767 tenebre,
715 2689 774 2754 sed
807 2687 976 2754 aeternitas
999 2709 1105 2774 qoam
1136 2687 1249 2755 reddet
1270 2691 1361 2757 rnilrc'

134 2775 295 2830 mmm·
308 2795 324 2823 “
348 2787 520 2858 nomano
542 2791 585 2857 iu
607 2790 744 2858 11111111
796 2790 873 2856 Jam
895 2789 984 2855 enim
1004 2812 1073 2856 nox
1095 2792 1269 2877 praecessit,
1292 2795 1363 2860 dies

309 2901 462 2962 “11111111
492 2895 798 2984 appropinquavit.''
852 2895 936 2962 Heec
967 2895 1077 2962 dicens
1111 2896 1148 2960 in
1179 2901 1359 2966 oratorium

304 2999 490 3064 revertitur.
515 2997 518 3005 ’

350 3097 521 3155 Convocatis
544 3099 649 3156 deinde
671 3096 819 3163 fratribus,
839 3087 937 3174 jubet
968 3110 1002 3154 se
1027 3110 1117 3154 sacro
1140 3089 1211 3156 olco
1233 3091 1358 3182 inungi.

308 3191 362 3258 Ad
396 3213 496 3277 quam
532 3192 637 3278 patris
667 3212 790 3268 vocem,
813 3189 958 3256 liliorum
988 3169 1129 3275 quiorum
1159 3191 1195 3256 in
1218 3214 1256 3260 eo
1286 3201 1522 3284 1111111111-

306 3293 465 3380 goudium
488 3298 523 3359 et
556 3293 737 3359 consolatio
759 3297 909 3358 extrema
932 3287 1047 3378 gaudii
1077 3293 1187 3358 luctus
1210 3273 1518 3388 0111111111,ξίζιζξίζῖ8ἲοῖ

306 3395 443 3462 affectus
474 3401 651 3481 extorquet
680 3378 851 3482 gemitrbn,
873 3393 1033 3458 desolatio
1063 3393 1225 3481 lacrymas
1247 3400 1357 3485 expri-

306 3499 378 3576 mit,
400 3498 490 3584 quod
511 3496 686 3583 oportebat
708 3517 763 3560 eos
785 3501 855 3560 tam
877 3495 933 3580 pio
955 3501 1059 3581 patre,
1081 3500 1152 3562 tam
1174 3500 1357 3568 necessario

306 3599 389 3666 duce
411 3599 556 3665 destitui.
603 3598 750 3664 Astitere
780 3617 902 3674 omncs,
925 3596 1057 3663 solliciti
1089 3599 1175 3666 circa
1204 3601 1357 3689 frequens

307 3702 535 3780 ministerium,
552 3701 709 3788 quoniam
731 3703 826 3788 pater
849 3719 962 3765 eorum
984 3699 1021 3764 in
1044 3701 1138 3766 exitu
1162 3709 1241 3769 erat.
1287 3705 1358 3770 Un-

306 3805 404 3892 gitur,
436 3809 472 3871 et
504 3809 637 3890 sumpto
668 3803 791 3869 viatico
829 3803 914 3868 lecto
947 3801 1112 3868 decubuit.
1170 3803 1278 3872 Nocte
1307 3829 1357 3874 sa-

307 3912 430 3994 quente
458 3928 660 3994 quamquam
691 3905 888 3971 invaluisset
920 3925 1040 3990 urgens
1066 3903 1239 3990 aegritudo,
1263 3910 1356 3994 quasi

307 4011 414 4078 omnis
447 4032 565 4098 expers
598 4008 767 4085 molestiae,
797 4016 901 4072 horam
934 4005 1132 4092 Vigiliarum
1166 4019 1355 4090 preveniens,

209 4091 216 4104 ⁸
307 4109 458 4166 ecclesiam
480 4110 564 4183 petit,
588 4108 686 4182 ibique
710 4097 843 4184 expleto
877 4093 982 4162 officio
1015 4098 1186 4175 nocturno
1208 4107 1356 4167 residuum

306 4203 412 4268 noctis
444 4202 481 4266 in
504 4211 621 4266 Divinis
647 4209 780 4266 laudibus
802 4197 939 4284 peregit,
962 4201 1054 4262 totus
1087 4197 1123 4261 in
1157 4198 1232 4266 illis.
1278 4202 1356 4270 Non

306 4305 431 4372 dormit
464 4305 581 4389 utique
614 4303 739 4369 amicus
761 4305 881 4377 noster,
904 4320 966 4365 nec
988 4299 1192 4386 temporibus
1215 4306 1356 4390 torporis

304 4407 471 4495 permittit
498 4405 613 4484 otium,
636 4406 690 4472 cui
712 4405 749 4470 in
771 4403 924 4470 manibus
947 4407 1019 4470 erat
1047 4403 1207 4490 gaudium
1237 4409 1356 4496 sempi-

304 4517 445 4578 ternum.
502 4508 581 4576 Nox
612 4509 811 4594 intempesta
842 4507 994 4593 orbisque
1024 4505 1154 4574 clausus
1186 4509 1354 4589 conticuit,

304 4615 363 4682 sed
384 4614 563 4702 impatiens
584 4635 678 4679 amor
699 4611 867 4678 silentium
890 4611 1003 4690 nescit,
1027 4633 1152 4678 moram
1174 4635 1242 4682 nou
1268 4617 1354 4703 pati-

133 4705 249 4824 m}
306 4724 372 4797 tur,
398 4717 456 4782 ubi
479 4717 603 4784 clamor
624 4715 780 4793 insonuit,
804 4713 906 4782 Ecce!
928 4715 1080 4802 Sponsus
1101 4715 1201 4782 veuit.
