3586 5802
412 869 475 942 176
567 889 718 938 HISTORY
740 889 784 936 OF
807 889 902 937 FOUR
924 887 1163 936 ARCHBISHOPS
1187 890 1230 936 OF
1254 891 1350 939 YORK

409 1073 525 1153 voluit,
566 1079 601 1139 et
639 1079 771 1160 peracto
816 1079 920 1140 tantae
958 1073 1179 1140 solemnitatis
1218 1080 1252 1140 et
1290 1075 1465 1162 dignitatis

410 1173 524 1254 officio,
546 1176 818 1263 archiepiscopus,
841 1177 928 1243 sicut
950 1177 1140 1255 cardinales,
1156 1177 1319 1244 bisancios
1340 1200 1464 1261 aureos,

412 1279 500 1362 quod
522 1279 764 1366 presbyterium
792 1280 835 1345 ab
857 1280 939 1365 ipsis
960 1279 1157 1366 appellatur,
1180 1302 1201 1346 a
1224 1281 1358 1346 domino
1380 1304 1466 1368 papa

410 1382 562 1467 suscepit,
586 1383 675 1469 quod
707 1381 929 1450 cardinalibus
962 1387 997 1448 ct
1028 1381 1155 1449 clericis
1185 1383 1264 1462 suis,
1286 1384 1465 1470 unicuique

410 1483 590 1549 secundum
613 1485 701 1570 quod
724 1484 915 1550 ordinatum
937 1489 997 1563 est,
1020 1485 1232 1571 Apostolicus
1255 1486 1309 1551 die
1332 1507 1465 1554 corona-

410 1584 511 1650 tionis
534 1607 602 1653 suae
624 1586 804 1652 distribuit.

240 1698 371 1776 hiemps
455 1687 511 1752 Ad
533 1687 800 1754 Purificationem
823 1689 937 1754 Beatae
962 1688 1078 1754 Mariae
1111 1689 1178 1754 fuit
1201 1689 1354 1755 dominus
1377 1711 1464 1777 papa

241 1773 313 1816 ”⁸¹²⁵
415 1787 560 1868 Viennae,
582 1790 641 1855 ubi
674 1789 936 1876 archiepiscopus
970 1790 1088 1868 fuerat,
1121 1813 1182 1858 nec
1215 1791 1323 1858 adhuc
1357 1791 1464 1858 alius1

240 1833 393 1950 lllellce'see.
412 1897 619 1970 successerat,
644 1891 680 1956 in
712 1913 778 1978 qua
800 1897 867 1958 tres
889 1893 1091 1978 septimanas
1124 1893 1247 1960 faciens
1269 1895 1464 1980 providebat

242 1967 366 2084 {ripam
412 1999 446 2060 et
468 1995 682 2081 praeparabat,
699 1993 842 2081 qualiter
863 2016 974 2061 secure
996 2001 1114 2080 posset,
1137 2001 1172 2062 et
1193 2018 1347 2084 sponsam
1370 2019 1463 2064 suam

240 2097 329 2151 Rome.
411 2097 578 2182 spirituali
612 2096 824 2162 matrimonio
855 2096 919 2161 sibi
952 2097 1192 2183 desponsatam,
1215 2104 1364 2166 sanctam
1403 2100 1463 2166 sei-

410 2200 489 2266 licet
526 2201 709 2267 Romanam
757 2200 937 2281 eeclesiam,
975 2203 1125 2266 nondum
1163 2203 1278 2284 visam,
1317 2205 1461 2270 visitare.

241 2319 353 2370 Hecate
410 2303 577 2370 Defuncto
609 2305 697 2369 enim
732 2305 838 2370 beatae
873 2305 1039 2370 memoriae
1065 2326 1153 2391 papa
1185 2305 1345 2383 Paschali,
1377 2307 1463 2371 sicut

240 2395 386 2504 ffinssssffit
410 2407 636 2493 supradictum
651 2412 711 2485 est,
734 2405 903 2472 dohannes
937 2406 1148 2472 cancellarius
1181 2407 1217 2472 in
1240 2429 1361 2493 papam
1387 2408 1462 2474 Gel-

241 2491 329 2569 visits'
413 2510 546 2597 [esium]
573 2509 722 2574 elevatus
745 2514 804 2586 est,
827 2509 886 2574 sed
907 2515 1043 2596 propter
1065 2509 1318 2596 Alemagnicum
1341 2533 1460 2597 regem,

240 2587 338 2704 ffiffi’
347 2589 398 2638 *¹¹¹⁶
410 2614 467 2698 qni
490 2613 674 2678 Romanam
707 2612 876 2678 ecclesiam
899 2612 1167 2698 persequebatur,
1190 2613 1305 2678 Romae
1336 2635 1370 2678 se
1393 2635 1460 2680 cre·

242 2720 335 2786 Oluny·
409 2714 485 2781 dere
507 2735 575 2781 non
597 2735 704 2794 ausus,
729 2737 787 2800 per
809 2735 898 2781 mare
921 2715 1084 2800 navigeris
1106 2714 1181 2780 urbi
1204 2714 1324 2780 Januae
1355 2715 1459 2802 appli-

241 2825 389 2878 Culixtusis
409 2819 486 2897 cuit,
522 2819 656 2884 demum
680 2816 876 2883 Cluniacum
908 2817 1069 2903 pervenit.
1132 2815 1348 2902 Exaugustus
1381 2839 1460 2883 vero

240 2894 396 3010 ξξξὸζξῖιξζ
408 2921 581 2999 Henricus,
595 2919 707 2992 Caesar
721 2920 928 2997 Teutonicus,
944 2919 1045 2984 immo
1063 2917 1194 2986 char²
1208 2923 1301 2985 totus
1316 2920 1459 3006 iniquus,

239 3041 363 3142 {nssgesre‘lss'
409 3029 531 3090 seneca
569 3023 711 3090 ecclesiae
754 3023 916 3100 inimicus,
949 3022 1137 3087 Burdinum
1170 3021 1459 3110 archiepiscopum,

238 3159 375 3222 upBurei-
409 3127 635 3213 degradatum,
657 3147 716 3212 per
753 3125 911 3211 quosdam
945 3125 1060 3191 Romae
1091 3125 1237 3192 fautores
1268 3126 1460 3206 maliciosos,

237 3241 325 3304 ΜΨ
409 3230 603 3316 antipapam
637 3233 671 3294 et
693 3228 926 3306 anti-Petrum,
961 3232 1022 3294 aut
1043 3228 1155 3314 potius
1188 3229 1458 3308 anti-Christum,

238 3299 362 3360 anepope.
409 3333 524 3397 Romae
555 3331 738 3408 constituit,
770 3336 906 3417 propter
943 3331 1031 3416 quod
1063 3331 1099 3396 in
1128 3330 1222 3397 Urbe
1254 3338 1289 3397 ct
1321 3332 1459 3400 ecclesia

406 3433 565 3500 dissensio
589 3439 623 3500 et
654 3433 802 3500 turbatio
825 3453 947 3520 magna
972 3431 1091 3512 fuerat,
1116 3453 1177 3500 nec
1208 3439 1291 3501 tunc
1323 3435 1457 3521 quidem

404 3536 538 3622 penitus
571 3535 686 3602 sedata
707 3540 786 3601 erat.
848 3535 923 3622 Ipse
957 3539 1070 3601 tamen
1101 3534 1271 3600 Burdinus
1302 3557 1361 3622 per
1394 3536 1457 3602 Dei

404 3639 526 3706 amicos
564 3639 606 3704 ab
644 3638 737 3704 Urbe
774 3637 890 3724 pulsus
923 3635 1046 3704 Sutriae
1082 3637 1232 3724 degebat,
1266 3643 1301 3704 et
1338 3640 1457 3704 merito
1485 3693 1487 3697 .

403 3741 539 3807 haeresis
572 3763 641 3807 suae
672 3739 787 3804 multis
820 3740 914 3805 bonis
949 3739 1076 3826 egebat,
1100 3743 1135 3806 ct
1168 3744 1284 3807 contra
1316 3739 1456 3806 dhesum

405 3845 575 3912 Christum
597 3849 632 3910 et
647 3865 722 3910 suos
745 3843 912 3930 nequitias
928 3847 963 3908 et
984 3829 1166 3929 inquitates
1181 3845 1305 3910 multas
1327 3845 1455 3931 agebat,

404 3971 501 4034 quem
525 3948 615 4013 Deus
638 3952 754 4034 postea
775 3967 834 4032 per
856 3945 1027 4032 proprium
1052 3945 1099 4010 sal
1125 3944 1199 4032 (sic)
1212 3946 1401 4014 destruxit.

234 4062 361 4126 cuphos
449 4049 646 4136 Radulphus
668 4049 932 4135 archiepiscopus
954 4069 1021 4113 non
1044 4047 1153 4114 adhuc
1174 4048 1454 4135 archiepiscopum

235 4127 392 4245 ssfflfi‘bu‘l
404 4157 554 4217 nostrum
576 4153 729 4238 persequi
752 4151 909 4228 cessabat,
932 4171 1035 4217 nec-a
1049 4150 1260 4236 professionis
1283 4152 1454 4218 exactione

235 4261 316 4338 actiye
404 4255 578 4321 destiterat
590 4281 598 4336 ;
628 4255 685 4320 sed
707 4255 744 4319 in
766 4253 829 4321 hac
851 4273 1074 4340 perseverans,
1097 4275 1208 4341 regem
1231 4255 1392 4340 compulit
1414 4261 1454 4320 ut

234 4338 344 4445 ‘ffllss
403 4359 446 4422 ad
479 4371 601 4444 papam
638 4358 832 4436 remitteret,
863 4361 1033 4444 temptans
1056 4357 1084 4421 si
1122 4378 1187 4442 quo
1225 4357 1323 4422 modo
1364 4358 1453 4443 apud

401 4460 510 4545 ipsum
542 4463 577 4523 et
598 4459 723 4525 curiam
757 4458 881 4526 efficere
914 4463 1025 4546 posset
1047 4465 1087 4525 ut
1119 4463 1270 4524 nostrum
1300 4465 1453 4547 cogerent

435 4627 510 4632 .-—
536 4624 547 4632 ι,
561 4626 608 4630 --
629 4625 867 4632 --—..—-—-

435 4713 441 4744 ¹
460 4710 541 4776 nlius]
562 4709 643 4773 aliter,
656 4711 729 4762 uls:
919 4713 924 4778 Ι
1004 4711 1015 4742 ⁹
1033 4709 1139 4777 Kadar]
1155 4712 1230 4762 cedar
1242 4712 1298 4763 MS.
