3582 5798
432 879 473 941 54
709 890 889 940 mancum
912 889 1036 939 santur
1059 891 1213 940 oswmnr

431 1080 617 1167 superfuit1
641 1102 768 1166 semper
787 1081 840 1164 (ut
856 1080 1013 1165 praefatus
1029 1079 1190 1165 gloriosus
1205 1080 1343 1145 antistes
1358 1078 1482 1164 aiebat)

431 1183 498 1248 alia
521 1183 657 1248 maxilla
679 1183 779 1268 paulo
801 1182 1016 1247 rubicundior
1046 1187 1125 1258 erat,
1150 1182 1238 1268 quod
1268 1183 1305 1245 in
1335 1183 1484 1247 testimo·

432 1287 525 1350 nium
557 1284 690 1350 Divinae
723 1285 859 1350 virtutis
898 1291 933 1349 et
970 1285 1162 1350 meritorum
1201 1283 1296 1350 Beati
1329 1283 1484 1360 Oswaldi,

433 1387 519 1452 sicut
541 1408 618 1451 vere
641 1385 690 1450 fas
713 1395 764 1451 cst
786 1385 882 1464 credi,
907 1386 1008 1450 dubio
1031 1386 1144 1472 procul
1177 1379 1349 1452 acciderat.
1396 1384 1485 1464 Quid

432 1489 487 1554 hic
510 1490 711 1554 dicendum?
756 1489 840 1554 Vere
864 1510 1029 1575 magnum,
1052 1495 1088 1554 et
1109 1489 1204 1553 nobis
1227 1511 1377 1554 enarrare
1401 1486 1484 1552 diffi-

433 1591 503 1668 cile,
533 1593 692 1676 gaudium
726 1597 872 1656 creatum
900 1613 1068 1670 essenon
1100 1597 1234 1657 tantum
1268 1577 1394 1657 homini
1425 1590 1485 1654 tali

433 1695 596 1760 medicina
626 1699 751 1770 sanate,
787 1694 844 1758 scd
871 1700 905 1758 et
936 1694 1084 1780 illisqui
1115 1695 1164 1758 rei
1186 1694 1285 1760 iactae
1308 1697 1486 1780 praesentes

433 1797 596 1874 astabant,
620 1796 687 1860 illis
711 1798 768 1881 qui
791 1803 892 1862 antea
915 1818 990 1861 cum
1013 1803 1185 1874 noverant,
1209 1797 1275 1861 illis
1298 1798 1357 1882 qui
1379 1799 1485 1862 virtu-

433 1905 502 1964 tem
525 1899 631 1984 ipsam
653 1898 743 1963 fama
764 1898 928 1984 vulgante
958 1905 1029 1963 lam
1052 1899 1171 1965 celebri
1187 1900 1339 1964 antidoto
1363 1899 1485 1984 parfec-

434 2007 503 2065 tam
531 2001 722 2066 didicerant.
761 2001 803 2064 In
833 2001 926 2066 brevi
950 2021 1092 2086 namque
1118 2001 1214 2086 longe
1237 2001 1368 2086 lateque
1392 2001 1487 2065 inno-

434 2103 510 2178 tuit,
542 2108 576 2165 et
606 2101 663 2188 qui
694 2101 734 2166 de
768 2107 839 2166 tam
873 2101 1028 2168 horrifica
1061 2101 1135 2166 labe
1174 2102 1267 2187 loqui
1301 2102 1487 2178 audierant,
1561 2153 1563 2156 -

434 2204 551 2269 audita
574 2204 742 2268 curatione
777 2204 868 2269 illius
890 2205 1047 2290 praecclsa
1069 2203 1141 2268 Deo
1164 2204 1262 2270 laude
1284 2205 1457 2270 resultant.

266 2315 381 2364 Adumb
480 2306 509 2375 7.
544 2306 663 2370 Adhuc
701 2313 878 2392 supersunt
919 2308 978 2392 qui
1015 2307 1104 2392 quod
1135 2307 1284 2372 dicturus
1316 2330 1389 2372 sum
1427 2329 1487 2372 suo

266 2388 414 2498 3¹²3}er
435 2415 581 2494 tempore
611 2408 736 2472 sactum
759 2408 914 2473 referunt.
953 2406 1063 2472 Homo
1086 2409 1220 2492 quidam
1243 2431 1309 2473 non
1333 2409 1488 2495 ignobilis

434 2511 531 2575 famae
562 2510 730 2596 Wigornae
762 2509 944 2574 habitabat.
991 2509 1025 2573 Is
1048 2511 1091 2574 ab
1122 2510 1264 2575 infantia
1287 2517 1407 2588 mutua,
1431 2511 1488 2576 sed

435 2614 556 2678 mentis
596 2613 718 2679 affectu
759 2612 893 2676 Divinis
935 2611 1088 2696 alloquiis
1126 2613 1305 2698 saepissime
1352 2614 1488 2679 functus

435 2716 568 2780 domum
607 2714 671 2779 Dei
709 2736 768 2799 pro
807 2714 918 2778 studio
955 2714 1166 2798 frequentare
1204 2715 1299 2780 dulce
1337 2715 1487 2780 habebat.

435 2817 621 2882 Consistere
653 2817 689 2880 in
712 2815 770 2880 illa
793 2837 831 2880 eo
865 2816 928 2880 loci
950 2815 1198 2880 consuetudinis
1229 2817 1293 2901 ipsi
1327 2823 1407 2892 erat,
1429 2817 1486 2882 ubi

436 2940 601 2984 sacrorum
632 2918 787 2982 ordinum
818 2918 907 2982 viros
942 2917 1087 2982 maxime
1120 2917 1319 2983 transituros
1348 2918 1488 2996 sciebat,

437 3023 572 3106 cupiens
610 3020 656 3085 eis
695 3020 821 3105 aliquid
869 3019 1070 3084 humilitatis
1107 3020 1300 3105 obsequium
1349 3022 1488 3087 demisso

268 3135 393 3179 comesto
438 3125 554 3208 capite,
585 3124 673 3208 quod
704 3143 782 3186 voce
806 3123 974 3207 nequibat,
1008 3121 1171 3186 exhibere.
1227 3122 1379 3210 Contigit
1412 3147 1489 3210 ergo

267 3196 411 3326 ἑξθξέῗζζῐ
439 3251 523 3303 eum,
547 3227 717 3312 cujusdam
741 3225 963 3291 sollennitatis
995 3227 1103 3312 gratia
1126 3248 1200 3312 quae
1223 3227 1343 3292 celebri
1366 3229 1489 3294 honore

266 3328 375 3380 {estivul
440 3329 606 3415 Wigornae
638 3328 814 3404 colebatur,
846 3327 935 3412 plebi
966 3328 1163 3404 admixtum,
1194 3329 1352 3414 majorem
1390 3330 1489 3396 eccle-

439 3433 530 3509 siam,
547 3431 582 3494 in
605 3452 671 3515 qua
693 3429 781 3495 beati
813 3451 931 3514 corpus
955 3429 1102 3495 Oswaldi
1126 3431 1321 3516 quiescebat,
1346 3433 1489 3518 quadam

269 3561 353 3612 when
439 3537 511 3600 vice
534 3535 742 3598 subintrasse.
790 3533 835 3598 Et
857 3533 954 3598 solito
977 3534 1040 3598 sibi
1064 3534 1134 3599 loeo
1157 3536 1346 3613 consistens,
1370 3558 1408 3602 ao
1430 3559 1489 3623 pro

267 3629 391 3745 ililieiu
439 3660 528 3703 more
566 3637 815 3702 transeuntibus
851 3636 1108 3721 conquiniscens,
1146 3638 1278 3722 aspexit
1326 3638 1489 3724 quendam

267 3776 358 3827 person
439 3741 590 3826 ignotum
614 3739 677 3804 sibi
701 3738 872 3803 reverendi
897 3737 1012 3802 vultus
1034 3737 1210 3817 hominem,
1233 3740 1350 3805 decora
1370 3741 1490 3807 canitie

268 3842 352 3944 ⁰⁰¹J¹⁰⁸
364 3845 399 3944 ¹¹1¹}
440 3841 613 3929 fulgidum,
643 3840 839 3906 sacerdotali
870 3847 962 3904 veste
994 3840 1163 3917 amictum,
1185 3839 1361 3906 baculum2
1390 3831 1491 3908 manu

266 3901 427 4037 qpmtqptches
439 3949 633 4032 gestantem,
664 3943 759 4029 quasi
797 3965 818 4006 a
850 3941 920 4006 loco
954 3942 1094 4027 sepulcri
1128 3942 1244 4006 famuli
1276 3943 1340 4008 Dei
1375 3945 1418 4010 ad
1456 3967 1491 4010 se

266 4026 383 4078 Μή·
439 4053 677 4134 properantem.
740 4045 803 4110 Oui
833 4065 943 4109 coram
978 4065 1012 4108 se
1046 4045 1242 4121 transeunti,
1273 4045 1353 4109 dum
1392 4052 1491 4131 caput

437 4149 608 4214 humiliter
642 4148 825 4223 inclinaret,
849 4146 919 4230 ipse
951 4145 1061 4210 levato
1091 4145 1209 4210 baculo
1231 4169 1308 4210 eum
1338 4148 1374 4211 in
1408 4148 1491 4213 eollo

437 4251 598 4336 percussit
620 4255 655 4312 et
686 4247 858 4334 disparuit.
920 4246 973 4310 Ad
1001 4268 1099 4331 quem
1130 4247 1233 4312 ictum
1264 4247 1319 4312 ille
1354 4249 1490 4313 territus

438 4373 532 4439 paene
554 4351 660 4416 solum
684 4371 788 4434 usque
810 4349 995 4433 procubuit,
1011 4354 1045 4414 et
1061 4349 1157 4422 illico,
1180 4371 1301 4436 magua
1327 4351 1491 4436 coagulati

437 4454 606 4540 sanguinis
638 4473 747 4517 massa
778 4473 821 4515 ex
855 4472 909 4516 ore
944 4451 1033 4516 illius
1065 4452 1101 4515 in
1135 4457 1257 4516 terram
1288 4453 1433 4530 cadente,
1456 4455 1492 4518 in

267 4581 294 4631 A
307 4582 399 4632 clotof
437 4557 508 4622 haec
536 4555 638 4619 verba
671 4553 813 4618 clamosa
846 4574 925 4618 voco
955 4553 1086 4639 erupit:
1124 4559 1139 4586 “
1153 4552 1349 4630 Succurrite,
1373 4577 1492 4640 quaeso,

266 4649 345 4699 blood
356 4649 414 4700 falls

444 4716 599 4725 -—-—

470 4806 478 4839 ¹
495 4805 635 4872 supersu't]
654 4804 763 4870 profuit,
775 4805 806 4856 B.
1020 4801 1031 4835 ²
1048 4800 1174 4868 tacidum]
1195 4802 1231 4864 in,
1244 4803 1290 4854 ins.
1303 4801 1335 4856 B.
