3410 5840
508 915 607 966 mvns
630 915 673 964 os
696 916 767 964 rus
789 915 1039 967 snosmsuors
1223 905 1288 966 515

211 1135 215 1142 ·
241 1104 412 1170 ordinatus
436 1109 470 1168 et
493 1105 610 1170 missus
633 1127 654 1170 a
677 1105 799 1170 Scottis
822 1105 972 1172 Aidenus
1003 1109 1137 1191 accepto
1159 1105 1234 1170 sede
1256 1112 1287 1168 in
1302 1112 1451 1190 rumonus

240 1202 335 1257 insula
359 1203 597 1269 Lindislurnensi,
614 1205 664 1258 ubi
687 1205 813 1276 petebat,
837 1207 886 1276 qui
911 1206 990 1260 locus
1012 1203 1165 1260 accedente
1188 1201 1223 1260 et
1245 1221 1287 1257 ro·
1301 1179 1395 1229 ‘hm'

239 1293 358 1348 cedente
381 1299 510 1348 reumate
533 1295 577 1348 bis
600 1295 728 1364 quotidie
751 1296 843 1349 instar
865 1295 968 1349 insulse
984 1295 1072 1349 moris
1088 1295 1288 1350 circumluitur

240 1383 335 1446 undis,
369 1383 412 1438 bis
444 1384 585 1438 renudato
622 1384 718 1440 littore
748 1385 904 1455 contiguus
938 1389 1024 1438 terroe
1056 1385 1197 1448 redditur,
1229 1374 1287 1438 ubi

240 1483 348 1538 christi
365 1485 514 1540 ecclesium
530 1476 715 1553 aedificsvit,
732 1483 766 1541 et
784 1477 854 1561 jam
870 1482 1002 1563 gentem
1018 1477 1135 1542 insuloe
1158 1477 1288 1541 Lindis-

239 1575 399 1642 fsrnensis
431 1584 465 1643 et
498 1578 616 1646 North’
652 1585 846 1646 convertens
878 1580 1069 1666 baptizavit.
1116 1580 1189 1656 Hic,
1221 1607 1287 1646 cum
1300 1590 1444 1642 Hisueau.

70 1665 300 1730 H·F⁴·ffi·l⁷·‹lies
323 1679 424 1732 mortis
447 1696 462 1732 o
486 1695 603 1750 corpore
627 1679 724 1749 egredi
749 1685 872 1750 cogeret,
897 1679 1048 1751 completis
1070 1681 1155 1734 suuis
1177 1681 1287 1750 episco-

240 1771 324 1837 patus
346 1768 391 1822 sui
413 1767 481 1832 xri,
506 1759 611 1822 vitum
635 1769 665 1823 iu
689 1769 760 1824 villa
779 1769 869 1838 regin,
886 1781 953 1823 non
976 1759 1071 1845 longe
1094 1761 1136 1825 ub
1160 1759 1287 1824 Bebbo-

240 1847 298 1922 ria,
321 1847 440 1912 finivit.
489 1857 598 1930 Oujus.
614 1871 722 1930 corpus
754 1849 851 1914 modo
883 1855 1065 1916 translatum
1089 1857 1126 1914 ud
1157 1849 1286 1913 insulam

241 1943 516 2012 Lindislarnenscm,
540 1943 574 2002 et
597 1949 628 2002 in
651 1948 793 2004 cimiterio
816 1949 965 2019 sepultum
989 1955 1040 2003 est.

286 2033 428 2092 Successit
458 2055 526 2092 vero
559 2039 590 2094 in
625 2037 822 2110 episcopatum
854 2036 997 2106 Finunus,
1027 2038 1063 2092 ob
1101 2037 1197 2092 insuls
1234 2037 1286 2094 Hii
1300 2034 1398 2112 Bishop

71 2115 226 2170 unium.
239 2123 399 2180 destinatus
434 2121 484 2187 et,
500 2119 626 2195 missus
650 2124 690 2182 ut
719 2118 936 2204 prsedecesscr
966 2117 1037 2202 ejus
1067 2117 1182 2182 fuerat.
1230 2126 1286 2195 Qui
1299 2101 1387 2152 ΜΨ·

240 2215 270 2268 in
294 2215 389 2270 insula
412 2209 653 2273 Lindisfarnensi
675 2217 824 2274 ecclesium
848 2207 889 2272 de
919 2205 1017 2293 ligno,
1041 2213 1080 2272 ut
1103 2228 1171 2272 sure
1193 2208 1287 2293 genti

239 2316 310 2359 mos
332 2302 390 2372 est,
414 2305 475 2360 sedi
498 2307 654 2379 episcopali
678 2323 835 2377 congruam
859 2298 1052 2363 construxit.

261 2393 427 2450 peruncto
458 2402 554 2472 eutem
586 2397 708 2461 Fiusno,
731 2415 798 2452 cum
821 2396 997 2452 colmannus
1030 2397 1060 2451 in
1092 2397 1289 2470 episcopatum
1302 2391 1399 2456 Bi⁸h⁰l³

239 2479 274 2539 et
305 2501 322 2538 n
356 2483 462 2540 Scottis
497 2486 646 2542 ordinatus
681 2492 710 2540 er
741 2486 845 2542 missus
877 2477 1091 2554 successisset,
1115 2481 1206 2542 mets
1239 2483 1290 2542 est
1304 2459 1419 2510 cm·

240 2565 379 2648 quaestio
402 2574 437 2630 de
461 2576 659 2632 observatione
682 2576 811 2640 Psschae,
836 2587 935 2652 quem
966 2587 1033 2631 non
1055 2566 1223 2644 catholice,
1253 2573 1291 2631 ut

238 2667 492 2752 praedecessores
514 2669 593 2754 ejus,
618 2691 818 2755 quemquem
854 2667 949 2753 illi[s]
985 2667 1145 2733 humilius
1181 2669 1290 2734 obser-

239 2769 349 2835 vebat.
395 2771 566 2836 Australes
598 2791 675 2836 vcro
707 2771 813 2836 Scotti
846 2776 880 2836 et
902 2771 1014 2834 Aiden
1037 2777 1071 2835 et
1093 2769 1201 2834 Finsn
1224 2793 1291 2836 non

241 2875 327 2935 recto
362 2871 540 2957 sollempne
576 2871 701 2938 Pascha
732 2873 960 2950 observabant,
992 2873 1048 2936 sed
1081 2879 1192 2937 tamen
1224 2875 1314 2938 isto'

70 2965 148 3024 Beda,
157 2966 224 3018 llll.
241 2959 407 3029 humilius.
454 2971 538 3025 Unde
561 2971 624 3026 haec
648 2973 768 3042 quaestio
789 2972 881 3026 morit
904 2987 1003 3026 sensus
1026 2978 1055 3026 et
1078 2971 1163 3026 cordo
1186 2961 1288 3047 pluri-

71 3037 161 3083 ¹¹¹'²5'
237 3069 374 3114 morum.
421 3059 557 3114 Pervenit
580 3047 674 3116 etlam
707 3061 744 3115 nd
775 3077 857 3114 sures
881 3060 929 3115 Os’
961 3062 1048 3131 regis,
1081 3052 1240 3136 baptizati
1272 3080 1290 3116 o

239 3147 356 3213 Scottis,
381 3155 410 3202 et
434 3151 487 3204 lilii
511 3149 574 3219 ejus
596 3149 706 3204 Allridi
738 3140 891 3205 habentis
914 3151 1086 3220 magistrum
1109 3150 1288 3216 wilfridum,

236 3238 332 3291 virum
348 3233 506 3314 sanctum.
546 3229 650 3314 Cujus
673 3231 787 3306 socius
809 3229 973 3316 magister,
989 3235 1147 3294 etAlfridi
1170 3242 1289 3306 amicus,

238 3328 417 3397 Aguberrus,
457 3329 689 3384 Occidentalium
723 3329 870 3384 Saxonum
904 3330 1064 3406 episcopus,
1096 3347 1130 3383 eo
1161 3337 1290 3402 tompore

238 3407 295 3471 illo
318 3423 445 3472 venerut.
493 3419 547 3485 Qui
579 3421 667 3473 etism
691 3418 859 3472 wilfridum
883 3408 1041 3494 Hripeusi
1073 3409 1215 3474 ecelesiae
1239 3419 1460 3498 01¹·TheSpnod

239 3497 371 3561 dinavit
404 3508 612 3579 presbyterum.
675 3508 756 3562 Mete
790 3499 893 3584 igitur
927 3507 1086 3578 quaestione
1110 3508 1145 3563 de
1169 3509 1289 3574 Pascha,
1302 3487 1457 3551 ”Whnby'

239 3595 410 3666 dispositum
433 3603 477 3652 est
493 3598 571 3650 utin
593 3600 766 3652 monasterio
782 3598 858 3668 quod
881 3597 989 3651 dicitnr
1011 3588 1054 3651 ad
1078 3596 1289 3663 Streoneshule,

239 3675 349 3751 idest,
374 3685 461 3740 Sinus
477 3685 554 3751 Feri,
572 3687 618 3740 cui
642 3691 712 3740 tunc
736 3685 825 3740 Hilds
846 3685 989 3740 abbatisse
1013 3686 1140 3756 praefuit‚
1165 3687 1291 3758 synodus

239 3765 341 3840 fieret,
357 3779 387 3828 et
409 3775 472 3828 hsce
495 3776 617 3845 quaestio
649 3767 890 3831 terminaretur.
937 3775 1090 3830 Venerunt
1124 3775 1175 3828 illo
1208 3793 1291 3846 reges

239 3863 333 3927 ambo,
359 3869 441 3933 peter
465 3865 575 3918 scilicet
607 3864 667 3928 Os’,
691 3869 721 3918 et
753 3863 830 3918 filius
863 3855 934 3940 ejus
958 3853 1081 3932 Aliud,
1104 3863 1226 3918 Colman
1257 3869 1292 3920 et

239 3952 409 4022 Agu'lberrns
425 3943 577 4030 episcopi,
594 3953 844 4025 compresbyteris
856 3949 891 4008 et
906 3942 1031 4008 clericis
1046 3943 1121 4008 suis.
1155 3953 1289 4020 Jocobus,

239 4032 397 4098 diaeonus
413 4032 552 4112 Paulini,
569 4048 599 4096 et
616 4041 772 4108 Romanus,
792 4043 823 4096 iu
842 4047 923 4113 porte
939 4032 1121 4118 Agilberuti
1144 4037 1179 4098 et
1202 4055 1290 4120 pres-

239 4123 432 4207 byterorum
455 4143 590 4186 suorum
614 4123 758 4187 fuerunt.
804 4131 896 4186 Hilda
919 4131 1065 4186 abbatisse
1087 4149 1153 4186 cum
1176 4133 1236 4186 suis
1259 4133 1290 4186 in

239 4227 321 4292 purte
345 4221 521 4288 Scottorum,
545 4224 576 4276 in
611 4239 669 4293 qua
702 4223 792 4276 etium
822 4229 884 4276 eret
906 4221 1080 4276 venerabilis
1111 4219 1210 4276 cedda
1228 4221 1292 4292 jum

239 4311 349 4364 dudum
372 4307 530 4366 ordinatus
553 4330 571 4366 s
595 4312 712 4376 Scottis,
729 4313 778 4382 qni
802 4301 899 4366 etiarn
922 4312 1065 4382 interpres
1088 4311 1119 4365 in
1143 4301 1200 4366 illo
1224 4328 1290 4366 con·

240 4400 307 4454 cilio
346 4400 587 4472 vigilantissimus
625 4401 775 4472 utriusque
813 4402 904 4472 portis
942 4398 1047 4455 extitit.
1110 4389 1292 4457 Convictus

240 4492 351 4578 itaque
375 4495 410 4556 in
433 4494 571 4558 concilio
594 4493 651 4558 illo
683 4515 704 4558 a
738 4493 889 4558 Wilfrido
921 4491 1132 4569 Oolmsunus,
1156 4492 1290 4557 dimisso

71 4607 227 4661 uniisse
240 4594 422 4679 praesulatu
453 4597 586 4661 secessit
618 4598 653 4660 in
684 4597 828 4682 petrium
861 4617 974 4659 suem:
998 4622 1050 4675 pro
1085 4621 1141 4675 quo
1164 4603 1292 4674 suscepit
1302 4606 1398 4671 Bishop

239 4705 463 4788 episcopatum
486 4709 750 4782 Norrhymbrorum
774 4708 864 4772 Tude,
888 4699 941 4761 vir
964 4719 1023 4782 per
1044 4697 1155 4761 omnis
1178 4673 1383 4760 autho-Tull·

238 4803 331 4882 licus,
347 4803 404 4869 sed
427 4803 671 4890 permodicum
695 4807 827 4899 tempus
843 4799 1009 4864 ecclesiam
1033 4819 1156 4884 regens
1197 4797 1292 4862 Obiit

1047 4915 1158 4977 unu
