3582 5798
432 899 495 962 126
589 910 738 959 uisrour
762 910 806 958 or
830 907 923 957 roua
946 907 1185 956 rncncrsnors
1207 907 1250 954 or
1273 905 1369 954 roan

428 1099 570 1186 querulo
587 1098 625 1162 dc
641 1097 757 1162 eadem
779 1118 815 1161 rc
838 1097 931 1161 irater
953 1095 1035 1159 illos
1056 1093 1205 1160 calcaris
1227 1093 1276 1159 ael
1300 1091 1482 1177 ar‘chr'cpis-

429 1225 524 1288 capos
562 1223 682 1266 acroam
717 1200 890 1285 prlocitum
921 1198 1043 1284 feccrit,
1078 1197 1176 1282 qaod,
1209 1196 1273 1260 illu
1309 1195 1384 1271 aior,
1407 1217 1482 1260 mco

432 1305 599 1369 arolaoroa
622 1311 651 1368 et
670 1309 833 1388 praeopto
851 1301 987 1386 factum
1003 1300 1090 1387 fail,
1115 1299 1319 1363 Eboracensi
1344 1297 1482 1362 ccclesiae

427 1405 476 1469 rol
510 1403 769 1490 archiepiscopis
793 1402 865 1487 ejas
889 1402 935 1466 ad
959 1399 1258 1466 diratioooaclara
1302 1399 1490 1464 libertatem

428 1529 529 1572 saum
552 1506 649 1571 raalio
672 1506 769 1570 atocio
791 1511 926 1570 caccaret.
978 1503 1095 1569 Valctc.

260 1626 395 1704 phenews
473 1610 517 1673 Et
539 1631 581 1673 ne
604 1608 763 1694 professio
787 1607 845 1671 illa
860 1613 993 1692 propter
1009 1606 1220 1691 praesentiam
1243 1607 1392 1669 nostram
1411 1603 1484 1689 plus

259 1694 404 1810 ppbppppht
427 1713 635 1776 auctoritatis
669 1711 789 1775 habere
820 1709 998 1785 videretur,
1031 1709 1187 1772 interesse
1210 1705 1370 1770 nolumus.
1418 1704 1483 1769 Sed

427 1815 561 1898 quidam
585 1814 683 1898 amici
706 1812 909 1876 discedentes
932 1810 1116 1875 Eboracum
1139 1815 1311 1884 venerunt,
1327 1807 1481 1892 capitulo,

428 1922 467 1980 ut
488 1921 618 2000 gestum
653 1919 732 1991 erat,
767 1913 982 1990 nuntiantes3
1009 1913 1066 1996 qui
1098 1911 1269 1975 audientes
1300 1910 1340 1974 de
1373 1915 1483 1973 muta·

428 2019 517 2082 tione
541 2017 625 2102 regis
648 2016 760 2080 mirati
793 2022 880 2092 sunt,
904 2015 945 2078 de
980 2013 1181 2100 professione
1214 2013 1401 2088 doluerunt,
1424 2011 1482 2076 sed

428 2125 562 2206 propter
584 2119 751 2204 angariam
776 2123 810 2182 et
841 2117 1078 2182 districtionem
1102 2118 1213 2180 minus
1236 2115 1266 2179 ei
1298 2115 1483 2199 imputave-

427 2229 516 2289 runt.

261 2345 371 2394 Thomas
475 2326 690 2391 Consecratus
713 2325 976 2410 archiepiscopus
1008 2323 1141 2386 recessit
1164 2321 1356 2397 Eboracum,
1379 2319 1482 2384 addu-

262 2413 371 2528 ffiffig,
430 2450 506 2493 cens
529 2449 638 2492 secum
662 2427 861 2492 cardinalem
885 2425 1022 2512 pallium
1046 2425 1258 2502 deferentem,
1274 2424 1394 2509 quibus
1417 2445 1483 2508 qua

260 2560 330 2593 come
341 2552 368 2592 to
431 2532 542 2596 decuit
564 2529 817 2594 honorificentia
851 2528 1022 2612 susceptis,
1054 2526 1317 2612 archiepiscopus
1349 2533 1482 2611 accepto

261 2610 373 2743 {granu
431 2633 532 2717 pallio
556 2632 689 2694 Missam
713 2629 901 2706 celebravit,
925 2627 959 2694 et
975 2635 1055 2694 tunc
1078 2629 1270 2714 Turgotum,
1294 2629 1351 2713 qui
1374 2629 1482 2692 fueras

261 2769 370 2809 socrates
431 2735 524 2798 Prior
546 2733 778 2798 Duuelmensis
801 2733 953 2809 ecclesias,
987 2733 1175 2818 episcopum
1202 2732 1316 2796 Sancti
1339 2732 1481 2795 Andreae

262 2825 360 2889 ”³⁸⁰⁸
431 2839 470 2902 de
510 2838 620 2902 Scotia
652 2841 814 2920 praesente
846 2833 1005 2900 cardinali
1040 2835 1252 2898 consecravit.
1315 2832 1481 2897 Foderoc¹

261 2891 394 3007 hilii-Os
432 2962 515 3017 vero,
539 2939 756 3024 praedecessor
778 2938 856 3021 ejus,
880 2937 959 3022 quia
990 2937 1098 3001 suerat
1120 2959 1141 3000 a
1164 2935 1271 3001 Sectis
1304 2935 1482 3012 ordinatus,

262 3025 350 3073 dress.
430 3040 565 3106 consilio
588 3046 622 3103 et
654 3039 791 3125 imperio
814 3038 899 3123 regis
923 3037 1054 3102 Malcon
1076 3043 1111 3102 et
1143 3037 1264 3122 reginae
1288 3036 1483 3123 Margarctae

430 3144 524 3208 venit
547 3143 589 3206 ad
612 3141 759 3206 Primum
794 3139 983 3225 Tssromam]
1008 3139 1194 3204 satisfacere
1218 3145 1252 3204 et
1275 3140 1482 3217 reconsiliari,

262 3262 380 3326 rurgors
430 3250 530 3328 atque
554 3244 750 3307 Eboracensi
773 3241 916 3307 ecclesiae
940 3246 974 3304 et
997 3239 1161 3325 T[homae]
1185 3241 1426 3326 archiepiscopo
1449 3247 1484 3306 et

263 3329 390 3442 ξζξῇξζῗθ
432 3344 669 3410 successoribus
701 3345 769 3406 suis
815 3343 1005 3408 canonicam
1045 3343 1282 3427 subjectionem
1321 3343 1483 3428 professus

263 3459 403 3523 profession
432 3453 490 3522 est,
522 3452 556 3509 et
579 3446 614 3507 in
638 3443 791 3520 Eboraco,
812 3444 954 3528 jubente
978 3442 1230 3531 archiepiscopo,
1253 3445 1405 3511 ccclesias
1427 3446 1482 3510 da·

262 3534 289 3574 ‘⁰
302 3526 379 3574 York.
432 3547 564 3611 dicavit.
620 3545 716 3625 Quod
739 3545 876 3610 fortasse
899 3565 972 3609 cum
998 3545 1038 3608 de
1071 3544 1182 3610 Primo
1205 3546 1331 3612 Thoma
1353 3569 1483 3632 agerem

435 3649 558 3712 dixisse
582 3647 767 3712 debueram.

265 3774 385 3823 Thanar·
478 3751 557 3814 Post
590 3751 683 3836 pallii
723 3751 973 3834 susceptionem,
1005 3751 1104 3814 factis
1136 3751 1183 3814 ibi
1214 3751 1322 3816 tribus
1360 3753 1484 3830 diebus,

263 3840 363 3956 fflns
376 3914 401 3956 to
431 3852 693 3937 archiepiscopus
735 3851 933 3916 cardinalem
971 3853 1144 3936 magnifice
1182 3853 1342 3918 donatum
1384 3855 1485 3938 juxta

262 3973 305 4022 the
317 3975 398 4022 south.
431 3954 622 4020 facultatem
646 3976 747 4030 suam,
771 3952 948 4017 honorifica
972 3959 1006 4016 et
1029 3959 1180 4018 accurate
1214 3955 1350 4019 reduxit
1381 3977 1484 4040 usque

432 4055 519 4119 ultra
565 4056 687 4120 flumen
722 4056 904 4119 Trcentam.
970 4053 1120 4140 Cumque
1159 4057 1287 4140 digredi
1319 4057 1485 4134 deberent,

433 4157 605 4220 cardinalis
622 4157 780 4241 praecepit
797 4155 1041 4240 archiepiscopo
1058 4177 1103 4219 ex
1126 4157 1324 4221 auctoritate
1362 4165 1485 4223 sancte

265 4275 403 4324 Heorders
433 4255 589 4319 Romanae
613 4256 764 4332 ccclesiae,
788 4257 874 4320 diem
910 4255 959 4319 illi
989 4260 1139 4320 statuens
1163 4259 1319 4342 quatinus
1352 4259 1485 4323 domino

263 4339 413 4453 ffiffim
433 4379 527 4440 papae
562 4359 770 4440 praesentiam
803 4379 896 4420 suam
919 4358 1100 4434 exhiberet,
1123 4381 1222 4443 super
1254 4360 1316 4424 hoc
1338 4361 1486 4426 satisfac-

266 4470 415 4519 answerfor
433 4462 528 4520 turus
551 4458 638 4540 quod
673 4463 786 4520 contra
817 4463 981 4522 statutum
1004 4459 1100 4522 Beati
1124 4459 1273 4545 Gregorii
1305 4469 1339 4526 et
1372 4469 1487 4528 contra

265 4535 421 4664 {fflffif
435 4558 632 4622 sententiam
655 4559 753 4622 curiae
787 4560 943 4625 Romanae
978 4561 1141 4646 professus
1175 4567 1254 4627 erat.
1302 4563 1398 4643 Quod
1429 4566 1486 4631 ille

436 4719 710 4730 ———-—-——--
717 4721 726 4725 -
744 4721 865 4728 ......--,

775 4807 784 4840 ¹
802 4805 925 4878 Formo]
945 4809 1003 4858 uod
1014 4809 1071 4870 hoc,
1082 4808 1140 4867 MS.
