3606 5798
670 890 830 941 lucroso
852 890 1031 940 incuvuo.
1302 876 1364 942 261

359 1077 448 1164 Urbs
471 1077 684 1146 Ebomocnsis
708 1077 825 1145 Eboris
848 1079 889 1145 de
912 1079 1046 1146 nominc
1067 1100 1188 1146 nomen
1379 1091 1519 1142 Thomna

404 1179 564 1267 Sumpsit,
587 1203 625 1248 eo
648 1181 737 1268 quod
760 1181 806 1247 sit
828 1181 970 1248 candide
992 1183 1079 1248 sicut
1101 1182 1190 1247 ebur.
1379 1159 1530 1210 Eboracum.

360 1281 512 1350 Candide
532 1303 623 1370 gens,
646 1283 700 1350 cui
722 1283 865 1353 candido
887 1305 990 1360 mens,
1012 1289 1048 1349 et
1069 1283 1212 1349 condida
1234 1283 1325 1349 lecte

335 1375 339 1384 ’
403 1385 501 1450 Intus
523 1407 583 1472 per
605 1385 762 1452 meritum
786 1386 928 1452 candide
950 1386 1024 1452 dico
1046 1407 1152 1452 suum.

359 1485 450 1552 Villo
470 1486 543 1552 Deo
565 1487 682 1552 vivens
706 1487 873 1554 Eboreous
891 1486 967 1573 jure
990 1493 1139 1566 vocetur,
1348 1491 1367 1549 5

404 1587 553 1654 Moribus
575 1593 611 1654 ot
632 1588 759 1654 meritis
782 1589 926 1654 nominis
948 1594 1061 1675 aequet
1083 1587 1171 1654 ebur.

361 1687 458 1769 Quod
480 1707 589 1754 coram
612 1688 757 1755 Domino
779 1691 920 1756 candore
943 1689 1078 1756 nitescit
1099 1690 1224 1756 obumo

405 1789 498 1856 Dant
520 1791 587 1857 duo
609 1793 818 1878 pauperibus,
842 1814 934 1858 mens
956 1792 1023 1879 pic,
1045 1792 1137 1880 largo
1159 1813 1286 1860 monus.

361 1891 500 1958 Piaefuit
521 1893 660 1960 antistes
682 1894 758 1958 urbi
780 1916 840 1960 sex
862 1893 992 1962 cunco
1012 1915 1124 1972 ennos,
1380 1905 1492 1986 Thone
1500 1907 1537 1958 11.

406 1992 506 2062 Casto
529 1995 625 2062 corde
648 1993 798 2074 Thomas,
820 2017 842 2062 s
863 1995 1000 2061 muliere
1022 1989 1174 2078 thomos}
1326 1973 1538 2062 10²th¹⁸¹¹⁰¹³·

362 2095 403 2160 In
425 2100 559 2162 tentum
581 2119 684 2184 purus
707 2103 742 2163 et
763 2119 848 2184 pum
869 2117 967 2164 corne
989 2098 1137 2184 pudicus,

406 2196 502 2277 Quod
525 2199 631 2265 coitus
652 2219 824 2285 nunquam
846 2198 1051 2265 derosulsvit
1072 2221 1157 2265 eum.

362 2296 467 2384 Cujus
489 2305 566 2386 post
588 2301 717 2366 obitum
740 2301 886 2386 suscepit
907 2300 1139 2387 pontificatum
1383 2318 1506 2370 Thmui
1602 2333 1604 2344 ⁴

407 2401 492 2486 Vere
513 2399 715 2468 Thurstinus
737 2403 848 2469 nobile
870 2411 992 2469 nomen
1015 2402 1148 2470 hebens.
1321 2427 1326 2435 ¹
1384 2385 1505 2502 ppoeeeop

363 2501 476 2570 Litora
498 2503 526 2568 Τ
548 2505 647 2591 praeit
669 2505 732 2571 hoc
753 2517 876 2571 nomon
897 2505 1023 2570 mundo
1046 2505 1249 2584 crucifixum,
1331 2509 1372 2570 15
1384 2467 1445 2582 pii}
1456 2533 1525 2582 upon

408 2603 625 2670 Thurstinum
648 2605 791 2692 signans,
814 2609 866 2671 est
888 2605 967 2692 quic
988 2605 1094 2671 formo
1116 2605 1229 2672 crucis.
1384 2585 1521 2635 nomme.

364 2703 591 2783 liminum,
614 2706 669 2771 vel
690 2705 925 2784 Thurstnnum‚
948 2705 977 2770 si
1000 2705 1140 2771 dicimus
1163 2705 1267 2784 illum,

408 2805 546 2873 Emittit
567 2827 700 2873 sensum
722 2828 844 2873 nomon
866 2811 1046 2892 utrumque
1067 2807 1169 2894 pium.

364 2906 468 2973 Totus
490 2908 558 2974 olet
580 2929 708 2974 morum
732 2907 932 2974 Thurstinus
955 2906 1056 2974 thuin
1077 2907 1247 2986 bonorum,

410 3007 461 3074 Ut
484 3008 571 3094 [nos]
595 3009 813 3075 Thurstinnm
833 3010 909 3096 juro
929 3031 1083 3075 vocemus
1106 3031 1190 3075 eum.
1331 3012 1375 3074 20

365 3111 581 3191 Thiustnnns,
605 3113 699 3198 quasi
722 3113 832 3191 turris,
857 3119 949 3178 stans
972 3117 1087 3180 contre
1108 3113 1197 3180 mele
1218 3112 1344 3190 mundi,
1389 3117 1395 3127 '

410 3213 558 3301 Exponit
581 3235 703 3281 nomen
725 3235 785 3301 per
806 3235 867 3280 sue
891 3215 980 3281 fecto
1001 3235 1107 3280 suum.

351 3313 471 3402 'Oujus
493 3319 565 3382 crat
586 3321 682 3403 poter
704 3317 866 3404 Augerus‚
890 3321 997 3382 meter
1019 3315 1186 3403 Popeline,
1303 3379 1306 3390 ,
1387 3331 1545 3396 nisparcnts

411 3418 520 3485 Hocce
542 3424 656 3486 tumen
678 3418 780 3506 digno
802 3419 927 3486 femina
949 3419 1051 3506 digne
1073 3419 1154 3486 viro.
1386 3397 1535 3530 ffiffld

366 3523 441 3610 Ipse
463 3521 652 3608 capellanus
674 3523 760 3609 regis
782 3522 857 3602 fuit,
879 3522 958 3588 hinc
979 3522 1023 3589 ed
1045 3522 1203 3588 honorem
1331 3523 1373 3586 25

411 3623 565 3690 Praesulis
588 3623 732 3712 eligitur,
755 3631 795 3690 ut
817 3625 863 3691 sit
885 3624 1019 3690 honoris
1041 3622 1153 3689 honor.

366 3727 418 3793 De
440 3731 571 3813 pastore
593 3746 682 3792 novo
702 3727 828 3814 gaudet
849 3747 925 3792 cum
948 3745 1091 3812 paupere
1114 3725 1216 3801 dives,

409 3827 495 3895 Cum
517 3827 604 3894 clero
626 3828 777 3916 populus,
800 3850 876 3895 cum
894 3829 1028 3914 juniore
1050 3849 1159 3894 senex.

368 3929 499 4015 Quippe
520 3929 621 3996 detur
642 3929 738 3996 fortis
759 3950 819 4016 pro
841 3929 921 3995 forti
942 3929 1050 3994 milite
1071 3929 1174 4007 miles,
1212 3927 1216 3937 '

411 4029 612 4097 Thnrstinus
633 4032 765 4119 sopiens
786 4053 846 4118 pro
868 4032 1017 4118 sapiente
1040 4030 1174 4096 Thomu.
1332 4031 1375 4094 30

369 4133 432 4200 Pro
454 4133 537 4200 duce
559 4133 637 4212 dux,
661 4154 720 4220 pro
742 4138 836 4220 petre
859 4138 961 4219 peter,
985 4152 1044 4219 pro
1066 4130 1207 4218 praesule
1229 4130 1359 4218 praesul,
1466 4152 1469 4160 ·

412 4234 476 4300 Pro
498 4235 605 4322 rigido
627 4233 761 4322 rigidus,
785 4253 845 4322 pro
867 4233 1030 4322 vigilante
1051 4232 1142 4320 vigil

369 4335 475 4418 Quem
498 4357 566 4402 non
588 4336 721 4402 extollit
741 4336 901 4422 praelntio,
923 4357 991 4402 non
1013 4335 1126 4401 Venus
1148 4334 1226 4412 urit,

415 4439 494 4505 Non
515 4443 652 4526 superet
673 4439 782 4516 luxus,
804 4459 872 4504 non
895 4438 1001 4504 trahit
1022 4438 1097 4504 aeris
1118 4458 1217 4504 emor.

368 4540 407 4607 Si
429 4561 485 4606 cor
507 4539 690 4627 respicitur,
713 4540 789 4627 pius
811 4543 883 4620 est3
905 4539 934 4605 si
956 4539 1070 4618 forme,
1092 4539 1210 4606 decens
1233 4545 1304 4621 cst3
1332 4543 1373 4607 35

415 4642 453 4708 Si
475 4663 588 4730 genus,
610 4641 756 4728 inclytus
780 4647 831 4708 est
842 4665 851 4720 ;
873 4641 901 4706 si
924 4641 1011 4720 dero,
1035 4640 1170 4728 dapsilis
1193 4645 1250 4708 cst
