<?xml version="1.0" encoding="UTF-8"?>
<!DOCTYPE html PUBLIC "-//W3C//DTD XHTML 1.0 Transitional//EN"
    "http://www.w3.org/TR/xhtml1/DTD/xhtml1-transitional.dtd">
<html xmlns="http://www.w3.org/1999/xhtml" xml:lang="en" lang="en">
 <head>
  <title>
</title>
<meta http-equiv="Content-Type" content="text/html;charset=utf-8" />
  <meta name='ocr-system' content='tesseract 3.04.00' />
  <meta name='ocr-capabilities' content='ocr_page ocr_carea ocr_par ocr_line ocrx_word'/>
</head>
<body>
  <div class='ocr_page' id='page_1' title='image "./historianschurc00raingoog_0324.png"; bbox 0 0 3606 5798; ppageno 0'>
   <div class='ocr_carea' id='block_1_1' title="bbox 414 875 1143 941">
    <p class='ocr_par' dir='ltr' id='par_1_1' title="bbox 414 875 1143 941">
     <span class='ocr_line' id='line_1_1' title="bbox 414 875 1143 941; baseline -0.003 -1"><span class='ocrx_word' id='word_1_1' title='bbox 414 875 480 941; x_wconf 82' lang='lat'><strong>282</strong></span> <span class='ocrx_word' id='word_1_2' title='bbox 592 927 594 933; x_wconf 95' lang='lat'><em>.</em></span> <span class='ocrx_word' id='word_1_3' title='bbox 662 893 666 900; x_wconf 93' lang='lat'><em>·</em></span> <span class='ocrx_word' id='word_1_4' title='bbox 739 888 819 939; x_wconf 82' lang='lat' dir='ltr'><strong>arra</strong></span> <span class='ocrx_word' id='word_1_5' title='bbox 841 889 886 940; x_wconf 85' lang='lat' dir='ltr'><strong>or</strong></span> <span class='ocrx_word' id='word_1_6' title='bbox 908 889 954 941; x_wconf 86' lang='lat' dir='ltr'><strong>ar.</strong></span> <span class='ocrx_word' id='word_1_7' title='bbox 979 887 1143 940; x_wconf 82' lang='lat' dir='ltr'><strong>wmnmu.</strong></span> 
     </span>
    </p>
   </div>
   <div class='ocr_carea' id='block_1_2' title="bbox 384 1079 1469 1168">
    <p class='ocr_par' dir='ltr' id='par_1_2' title="bbox 384 1079 1469 1168">
     <span class='ocr_line' id='line_1_2' title="bbox 384 1079 1469 1168; baseline 0.002 -24"><span class='ocrx_word' id='word_1_8' title='bbox 384 1157 386 1164; x_wconf 28' lang='grc' dir='ltr'>Ι</span> <span class='ocrx_word' id='word_1_9' title='bbox 411 1080 549 1168; x_wconf 85' lang='lat' dir='ltr'><strong>planctu</strong></span> <span class='ocrx_word' id='word_1_10' title='bbox 572 1079 679 1168; x_wconf 88' lang='lat' dir='ltr'><strong>plenis</strong></span> <span class='ocrx_word' id='word_1_11' title='bbox 706 1080 900 1167; x_wconf 89' lang='lat' dir='ltr'><strong>postulavit,</strong></span> <span class='ocrx_word' id='word_1_12' title='bbox 925 1081 1029 1148; x_wconf 90' lang='lat' dir='ltr'><strong>donec</strong></span> <span class='ocrx_word' id='word_1_13' title='bbox 1050 1081 1187 1148; x_wconf 89' lang='lat' dir='ltr'><strong>sanitati</strong></span> <span class='ocrx_word' id='word_1_14' title='bbox 1211 1082 1388 1148; x_wconf 86' lang='lat' dir='ltr'><strong>restitutus</strong></span> <span class='ocrx_word' id='word_1_15' title='bbox 1411 1083 1469 1147; x_wconf 86' lang='lat' dir='ltr'><strong>ba-</strong></span> 
     </span>
    </p>
   </div>
   <div class='ocr_carea' id='block_1_3' title="bbox 412 1182 1469 1568">
    <p class='ocr_par' dir='ltr' id='par_1_3' title="bbox 412 1182 1469 1474">
     <span class='ocr_line' id='line_1_3' title="bbox 412 1182 1468 1270; baseline 0.004 -22"><span class='ocrx_word' id='word_1_16' title='bbox 412 1182 532 1260; x_wconf 88' lang='lat' dir='ltr'><strong>culum,</strong></span> <span class='ocrx_word' id='word_1_17' title='bbox 555 1203 621 1268; x_wconf 92' lang='lat' dir='ltr'><strong>quo</strong></span> <span class='ocrx_word' id='word_1_18' title='bbox 643 1182 736 1269; x_wconf 86' lang='lat' dir='ltr'><strong>prius</strong></span> <span class='ocrx_word' id='word_1_19' title='bbox 766 1183 971 1268; x_wconf 85' lang='lat' dir='ltr'><strong>portabatur,</strong></span> <span class='ocrx_word' id='word_1_20' title='bbox 994 1183 1114 1249; x_wconf 85' lang='lat' dir='ltr'><strong>levatis</strong></span> <span class='ocrx_word' id='word_1_21' title='bbox 1137 1187 1274 1270; x_wconf 86' lang='lat' dir='ltr'><strong>portans</strong></span> <span class='ocrx_word' id='word_1_22' title='bbox 1302 1183 1341 1249; x_wconf 92' lang='lat' dir='ltr'><strong>in</strong></span> <span class='ocrx_word' id='word_1_23' title='bbox 1362 1184 1468 1252; x_wconf 88' lang='lat' dir='ltr'><strong>mani·</strong></span> 
     </span>
     <span class='ocr_line' id='line_1_4' title="bbox 412 1283 1469 1370; baseline 0.002 -20"><span class='ocrx_word' id='word_1_24' title='bbox 412 1285 483 1362; x_wconf 88' lang='lat' dir='ltr'><strong>bus,</strong></span> <span class='ocrx_word' id='word_1_25' title='bbox 505 1289 541 1349; x_wconf 86' lang='lat' dir='ltr'><strong>et</strong></span> <span class='ocrx_word' id='word_1_26' title='bbox 569 1283 704 1370; x_wconf 70' lang='lat' dir='ltr'><strong>bajulis,</strong></span> <span class='ocrx_word' id='word_1_27' title='bbox 725 1285 941 1370; x_wconf 79' lang='lat' dir='ltr'><strong>sequentibus</strong></span> <span class='ocrx_word' id='word_1_28' title='bbox 972 1306 994 1350; x_wconf 92' lang='lat' dir='ltr'><strong>a</strong></span> <span class='ocrx_word' id='word_1_29' title='bbox 1026 1285 1170 1364; x_wconf 85' lang='lat' dir='ltr'><strong>remotis,</strong></span> <span class='ocrx_word' id='word_1_30' title='bbox 1192 1285 1271 1351; x_wconf 86' lang='lat' dir='ltr'><strong>laeto</strong></span> <span class='ocrx_word' id='word_1_31' title='bbox 1297 1290 1332 1352; x_wconf 88' lang='lat' dir='ltr'><strong>et</strong></span> <span class='ocrx_word' id='word_1_32' title='bbox 1364 1285 1469 1352; x_wconf 90' lang='lat' dir='ltr'><strong>libero</strong></span> 
     </span>
     <span class='ocr_line' id='line_1_5' title="bbox 412 1387 941 1474; baseline 0.002 -22"><span class='ocrx_word' id='word_1_33' title='bbox 412 1407 525 1474; x_wconf 79' lang='lat' dir='ltr'><strong>gressu</strong></span> <span class='ocrx_word' id='word_1_34' title='bbox 548 1387 682 1451; x_wconf 89' lang='lat' dir='ltr'><strong>domum</strong></span> <span class='ocrx_word' id='word_1_35' title='bbox 704 1387 885 1474; x_wconf 88' lang='lat' dir='ltr'><strong>repedavit</strong></span> <span class='ocrx_word' id='word_1_36' title='bbox 939 1387 941 1392; x_wconf 81' lang='grc'><strong>’</strong></span> 
     </span>
    </p>

    <p class='ocr_par' dir='ltr' id='par_1_4' title="bbox 458 1489 1468 1568">
     <span class='ocr_line' id='line_1_6' title="bbox 458 1489 1468 1568; baseline 0.002 -12"><span class='ocrx_word' id='word_1_37' title='bbox 458 1489 604 1556; x_wconf 75' lang='lat' dir='ltr'><strong>Veniant</strong></span> <span class='ocrx_word' id='word_1_38' title='bbox 633 1489 669 1554; x_wconf 92' lang='lat' dir='ltr'><strong>in</strong></span> <span class='ocrx_word' id='word_1_39' title='bbox 703 1489 847 1554; x_wconf 90' lang='lat' dir='ltr'><strong>medium</strong></span> <span class='ocrx_word' id='word_1_40' title='bbox 889 1493 924 1554; x_wconf 87' lang='lat' dir='ltr'><strong>et</strong></span> <span class='ocrx_word' id='word_1_41' title='bbox 966 1489 1033 1554; x_wconf 92' lang='lat' dir='ltr'><strong>alia</strong></span> <span class='ocrx_word' id='word_1_42' title='bbox 1066 1489 1232 1568; x_wconf 87' lang='lat' dir='ltr'><strong>miracula,</strong></span> <span class='ocrx_word' id='word_1_43' title='bbox 1266 1495 1307 1557; x_wconf 89' lang='lat' dir='ltr'><strong>ut</strong></span> <span class='ocrx_word' id='word_1_44' title='bbox 1336 1491 1468 1558; x_wconf 87' lang='lat' dir='ltr'><strong>mirifici</strong></span> 
     </span>
    </p>
   </div>
   <div class='ocr_carea' id='block_1_4' title="bbox 241 1573 1558 1782">
    <p class='ocr_par' dir='ltr' id='par_1_5' title="bbox 241 1573 1558 1782">
     <span class='ocr_line' id='line_1_7' title="bbox 242 1573 1558 1680; baseline -0.002 -19"><span class='ocrx_word' id='word_1_45' title='bbox 242 1600 361 1636; x_wconf 58' lang='grc' dir='ltr'><strong>ΜΠ]</strong></span> <span class='ocrx_word' id='word_1_46' title='bbox 413 1593 533 1660; x_wconf 90' lang='lat' dir='ltr'><strong>medici</strong></span> <span class='ocrx_word' id='word_1_47' title='bbox 556 1596 771 1678; x_wconf 68' lang='lat' dir='ltr'><strong>cognoscatur</strong></span> <span class='ocrx_word' id='word_1_48' title='bbox 800 1590 972 1659; x_wconf 85' lang='lat' dir='ltr'><strong>medicina</strong></span> <span class='ocrx_word' id='word_1_49' title='bbox 1019 1573 1179 1680; x_wconf 78' lang='lat' dir='ltr'><strong>Tempore</strong></span> <span class='ocrx_word' id='word_1_50' title='bbox 1202 1593 1317 1661; x_wconf 89' lang='lat' dir='ltr'><strong>eodem</strong></span> <span class='ocrx_word' id='word_1_51' title='bbox 1348 1595 1468 1660; x_wconf 87' lang='lat' dir='ltr'><strong>mulier</strong></span> <span class='ocrx_word' id='word_1_52' title='bbox 1557 1603 1558 1611; x_wconf 76' lang='grc'>’</span> 
     </span>
     <span class='ocr_line' id='line_1_8' title="bbox 241 1665 1468 1782; baseline 0.002 -20"><span class='ocrx_word' id='word_1_53' title='bbox 241 1665 255 1698; x_wconf 69' lang='lat'>⁰</span> <span class='ocrx_word' id='word_1_54' title='bbox 287 1666 366 1771; x_wconf 56' lang='lat' dir='ltr'><strong>eal,</strong></span> <span class='ocrx_word' id='word_1_55' title='bbox 413 1697 565 1782; x_wconf 80' lang='lat' dir='ltr'><strong>quaedam</strong></span> <span class='ocrx_word' id='word_1_56' title='bbox 599 1715 724 1761; x_wconf 87' lang='lat' dir='ltr'><strong>annosa</strong></span> <span class='ocrx_word' id='word_1_57' title='bbox 746 1694 835 1762; x_wconf 89' lang='lat' dir='ltr'><strong>sica</strong></span> <span class='ocrx_word' id='word_1_58' title='bbox 865 1695 1026 1782; x_wconf 76' lang='lat' dir='ltr'><strong>primaeva</strong></span> <span class='ocrx_word' id='word_1_59' title='bbox 1057 1699 1156 1762; x_wconf 83' lang='lat' dir='ltr'><strong>aetate</strong></span> <span class='ocrx_word' id='word_1_60' title='bbox 1187 1695 1314 1762; x_wconf 85' lang='lat' dir='ltr'><strong>clausos</strong></span> <span class='ocrx_word' id='word_1_61' title='bbox 1348 1697 1468 1764; x_wconf 89' lang='lat' dir='ltr'><strong>habuit</strong></span> 
     </span>
    </p>
   </div>
   <div class='ocr_carea' id='block_1_5' title="bbox 410 1797 1467 1989">
    <p class='ocr_par' dir='ltr' id='par_1_6' title="bbox 410 1797 1467 1989">
     <span class='ocr_line' id='line_1_9' title="bbox 410 1797 1467 1886; baseline 0 -22"><span class='ocrx_word' id='word_1_62' title='bbox 410 1799 541 1864; x_wconf 87' lang='lat' dir='ltr'><strong>aurium</strong></span> <span class='ocrx_word' id='word_1_63' title='bbox 573 1801 710 1876; x_wconf 86' lang='lat' dir='ltr'><strong>meatus,</strong></span> <span class='ocrx_word' id='word_1_64' title='bbox 743 1797 831 1883; x_wconf 93' lang='lat' dir='ltr'><strong>quod</strong></span> <span class='ocrx_word' id='word_1_65' title='bbox 868 1797 993 1863; x_wconf 86' lang='lat' dir='ltr'><strong>nullius</strong></span> <span class='ocrx_word' id='word_1_66' title='bbox 1030 1799 1103 1864; x_wconf 90' lang='lat' dir='ltr'><strong>soni</strong></span> <span class='ocrx_word' id='word_1_67' title='bbox 1134 1798 1251 1865; x_wconf 90' lang='lat' dir='ltr'><strong>solatio</strong></span> <span class='ocrx_word' id='word_1_68' title='bbox 1284 1799 1377 1866; x_wconf 90' lang='lat' dir='ltr'><strong>illam</strong></span> <span class='ocrx_word' id='word_1_69' title='bbox 1408 1822 1467 1886; x_wconf 91' lang='lat' dir='ltr'><strong>per</strong></span> 
     </span>
     <span class='ocr_line' id='line_1_10' title="bbox 410 1899 1466 1989; baseline -0.001 -21"><span class='ocrx_word' id='word_1_70' title='bbox 410 1905 540 1988; x_wconf 86' lang='lat' dir='ltr'><strong>portam</strong></span> <span class='ocrx_word' id='word_1_71' title='bbox 563 1899 675 1965; x_wconf 88' lang='lat' dir='ltr'><strong>anima</strong></span> <span class='ocrx_word' id='word_1_72' title='bbox 697 1899 769 1985; x_wconf 88' lang='lat' dir='ltr'><strong>ejus</strong></span> <span class='ocrx_word' id='word_1_73' title='bbox 803 1899 915 1985; x_wconf 90' lang='lat' dir='ltr'><strong>potuit</strong></span> <span class='ocrx_word' id='word_1_74' title='bbox 944 1899 1127 1966; x_wconf 88' lang='lat' dir='ltr'><strong>refocillari.</strong></span> <span class='ocrx_word' id='word_1_75' title='bbox 1172 1901 1340 1970; x_wconf 82' lang='lat' dir='ltr'><strong>Accedens</strong></span> <span class='ocrx_word' id='word_1_76' title='bbox 1362 1902 1466 1989; x_wconf 86' lang='lat' dir='ltr'><strong>igitur</strong></span> 
     </span>
    </p>
   </div>
   <div class='ocr_carea' id='block_1_6' title="bbox 307 2001 1464 2091">
    <p class='ocr_par' dir='ltr' id='par_1_7' title="bbox 307 2001 1464 2091">
     <span class='ocr_line' id='line_1_11' title="bbox 307 2001 1464 2091; baseline 0.001 -23"><span class='ocrx_word' id='word_1_77' title='bbox 307 2003 312 2012; x_wconf 88' lang='lat'>&#39;</span> <span class='ocrx_word' id='word_1_78' title='bbox 409 2008 487 2068; x_wconf 88' lang='lat' dir='ltr'><strong>ante</strong></span> <span class='ocrx_word' id='word_1_79' title='bbox 511 2001 677 2068; x_wconf 89' lang='lat' dir='ltr'><strong>tumulum</strong></span> <span class='ocrx_word' id='word_1_80' title='bbox 700 2024 734 2067; x_wconf 86' lang='lat' dir='ltr'><strong>se</strong></span> <span class='ocrx_word' id='word_1_81' title='bbox 757 2001 939 2087; x_wconf 81' lang='lat' dir='ltr'><strong>prostravit</strong></span> <span class='ocrx_word' id='word_1_82' title='bbox 965 2001 1149 2080; x_wconf 89' lang='lat' dir='ltr'><strong>infaciem,</strong></span> <span class='ocrx_word' id='word_1_83' title='bbox 1172 2008 1216 2068; x_wconf 82' lang='lat' dir='ltr'><strong>at·</strong></span> <span class='ocrx_word' id='word_1_84' title='bbox 1229 2003 1383 2089; x_wconf 83' lang='lat' dir='ltr'><strong>lacrymis</strong></span> <span class='ocrx_word' id='word_1_85' title='bbox 1407 2025 1464 2091; x_wconf 86' lang='lat' dir='ltr'><strong>pa·</strong></span> 
     </span>
    </p>
   </div>
   <div class='ocr_carea' id='block_1_7' title="bbox 237 3072 374 3138">
    <p class='ocr_par' dir='ltr' id='par_1_8' title="bbox 237 3072 374 3138">
     <span class='ocr_line' id='line_1_12' title="bbox 237 3072 374 3138; baseline 0.015 -16"><span class='ocrx_word' id='word_1_86' title='bbox 237 3072 262 3122; x_wconf 87' lang='lat' dir='ltr'>A</span> <span class='ocrx_word' id='word_1_87' title='bbox 275 3073 374 3138; x_wconf 83' lang='lat' dir='ltr'><strong>dropri·</strong></span> 
     </span>
    </p>
   </div>
   <div class='ocr_carea' id='block_1_8' title="bbox 408 2103 1464 2702">
    <p class='ocr_par' dir='ltr' id='par_1_9' title="bbox 409 2103 1464 2478">
     <span class='ocr_line' id='line_1_13' title="bbox 409 2103 1464 2190; baseline 0.002 -20"><span class='ocrx_word' id='word_1_88' title='bbox 409 2107 594 2170; x_wconf 88' lang='lat' dir='ltr'><strong>vimentum</strong></span> <span class='ocrx_word' id='word_1_89' title='bbox 617 2103 709 2182; x_wconf 82' lang='lat' dir='ltr'><strong>lavit,</strong></span> <span class='ocrx_word' id='word_1_90' title='bbox 744 2123 915 2190; x_wconf 87' lang='lat' dir='ltr'><strong>quousque</strong></span> <span class='ocrx_word' id='word_1_91' title='bbox 944 2103 985 2170; x_wconf 87' lang='lat' dir='ltr'><strong>ad</strong></span> <span class='ocrx_word' id='word_1_92' title='bbox 1021 2103 1154 2170; x_wconf 89' lang='lat' dir='ltr'><strong>laudem</strong></span> <span class='ocrx_word' id='word_1_93' title='bbox 1177 2107 1379 2173; x_wconf 66' lang='lat' dir='ltr'><strong>comessoris</strong></span> <span class='ocrx_word' id='word_1_94' title='bbox 1412 2106 1464 2172; x_wconf 91' lang='lat' dir='ltr'><strong>in-</strong></span> 
     </span>
     <span class='ocr_line' id='line_1_14' title="bbox 409 2205 1463 2292; baseline 0.001 -19"><span class='ocrx_word' id='word_1_95' title='bbox 409 2209 566 2273; x_wconf 87' lang='lat' dir='ltr'><strong>teriorum</strong></span> <span class='ocrx_word' id='word_1_96' title='bbox 590 2205 794 2272; x_wconf 79' lang='lat' dir='ltr'><strong>officinarum</strong></span> <span class='ocrx_word' id='word_1_97' title='bbox 816 2205 962 2270; x_wconf 89' lang='lat' dir='ltr'><strong>hominis</strong></span> <span class='ocrx_word' id='word_1_98' title='bbox 988 2205 1134 2292; x_wconf 76' lang='lat' dir='ltr'><strong>claviger</strong></span> <span class='ocrx_word' id='word_1_99' title='bbox 1156 2205 1310 2273; x_wconf 78' lang='lat' dir='ltr'><strong>Christus</strong></span> <span class='ocrx_word' id='word_1_100' title='bbox 1331 2209 1463 2274; x_wconf 88' lang='lat' dir='ltr'><strong>aurium</strong></span> 
     </span>
     <span class='ocr_line' id='line_1_15' title="bbox 409 2307 1462 2394; baseline -0.001 -18"><span class='ocrx_word' id='word_1_101' title='bbox 409 2310 553 2376; x_wconf 87' lang='lat' dir='ltr'><strong>claustra</strong></span> <span class='ocrx_word' id='word_1_102' title='bbox 587 2308 716 2374; x_wconf 89' lang='lat' dir='ltr'><strong>tamdiu</strong></span> <span class='ocrx_word' id='word_1_103' title='bbox 748 2307 860 2374; x_wconf 85' lang='lat' dir='ltr'><strong>clausa</strong></span> <span class='ocrx_word' id='word_1_104' title='bbox 896 2307 940 2374; x_wconf 89' lang='lat' dir='ltr'><strong>ad</strong></span> <span class='ocrx_word' id='word_1_105' title='bbox 978 2307 1182 2394; x_wconf 84' lang='lat' dir='ltr'><strong>recipiendas</strong></span> <span class='ocrx_word' id='word_1_106' title='bbox 1220 2330 1340 2376; x_wconf 89' lang='lat' dir='ltr'><strong>vocum</strong></span> <span class='ocrx_word' id='word_1_107' title='bbox 1374 2310 1462 2377; x_wconf 88' lang='lat' dir='ltr'><strong>vices</strong></span> 
     </span>
     <span class='ocr_line' id='line_1_16' title="bbox 409 2411 1312 2478; baseline -0.001 -2"><span class='ocrx_word' id='word_1_108' title='bbox 409 2411 576 2478; x_wconf 84' lang='lat' dir='ltr'><strong>reseravit.</strong></span> <span class='ocrx_word' id='word_1_109' title='bbox 1309 2441 1312 2444; x_wconf 96' lang='lat'>·</span> 
     </span>
    </p>

    <p class='ocr_par' dir='ltr' id='par_1_10' title="bbox 408 2511 1463 2702">
     <span class='ocr_line' id='line_1_17' title="bbox 454 2511 1463 2612; baseline 0.002 -34"><span class='ocrx_word' id='word_1_110' title='bbox 454 2515 548 2580; x_wconf 88' lang='lat' dir='ltr'><strong>Inter</strong></span> <span class='ocrx_word' id='word_1_111' title='bbox 570 2511 641 2578; x_wconf 88' lang='lat' dir='ltr'><strong>haec</strong></span> <span class='ocrx_word' id='word_1_112' title='bbox 670 2511 882 2612; x_wconf 74' lang='lat' dir='ltr'><strong>memorabile</strong></span> <span class='ocrx_word' id='word_1_113' title='bbox 904 2511 1072 2599; x_wconf 80' lang='lat' dir='ltr'><strong>quoddam</strong></span> <span class='ocrx_word' id='word_1_114' title='bbox 1101 2511 1296 2580; x_wconf 78' lang='lat' dir='ltr'><strong>miraculum</strong></span> <span class='ocrx_word' id='word_1_115' title='bbox 1330 2536 1463 2601; x_wconf 82' lang='lat' dir='ltr'><strong>aequum</strong></span> 
     </span>
     <span class='ocr_line' id='line_1_18' title="bbox 408 2617 704 2702; baseline -0.007 -18"><span class='ocrx_word' id='word_1_116' title='bbox 408 2617 502 2684; x_wconf 88' lang='lat' dir='ltr'><strong>silere</strong></span> <span class='ocrx_word' id='word_1_117' title='bbox 525 2637 593 2684; x_wconf 89' lang='lat' dir='ltr'><strong>uon</strong></span> <span class='ocrx_word' id='word_1_118' title='bbox 614 2617 704 2702; x_wconf 87' lang='lat' dir='ltr'><strong>pute.</strong></span> 
     </span>
    </p>
   </div>
   <div class='ocr_carea' id='block_1_9' title="bbox 716 2863 1147 2957">
    <p class='ocr_par' dir='ltr' id='par_1_11' title="bbox 716 2863 1147 2957">
     <span class='ocr_line' id='line_1_19' title="bbox 716 2863 1147 2957; baseline 0.005 -23"><span class='ocrx_word' id='word_1_119' title='bbox 716 2867 765 2934; x_wconf 88' lang='lat' dir='ltr'><strong>Dc</strong></span> <span class='ocrx_word' id='word_1_120' title='bbox 786 2865 931 2936; x_wconf 79' lang='lat' dir='ltr'><strong>muliere</strong></span> <span class='ocrx_word' id='word_1_121' title='bbox 951 2863 1147 2957; x_wconf 71' lang='lat' dir='ltr'><strong>hydropica.</strong></span> 
     </span>
    </p>
   </div>
   <div class='ocr_carea' id='block_1_10' title="bbox 437 3020 1461 3133">
    <p class='ocr_par' dir='ltr' id='par_1_12' title="bbox 437 3020 1461 3133">
     <span class='ocr_line' id='line_1_20' title="bbox 437 3020 1461 3133; baseline 0 -19"><span class='ocrx_word' id='word_1_122' title='bbox 437 3020 573 3114; x_wconf 80' lang='lat' dir='ltr'><strong>¹ltlulier</strong></span> <span class='ocrx_word' id='word_1_123' title='bbox 604 3046 765 3133; x_wconf 85' lang='lat' dir='ltr'><strong>quaedam,</strong></span> <span class='ocrx_word' id='word_1_124' title='bbox 788 3066 863 3132; x_wconf 87' lang='lat' dir='ltr'><strong>quae</strong></span> <span class='ocrx_word' id='word_1_125' title='bbox 894 3045 931 3110; x_wconf 90' lang='lat' dir='ltr'><strong>in</strong></span> <span class='ocrx_word' id='word_1_126' title='bbox 965 3048 1065 3111; x_wconf 85' lang='lat' dir='ltr'><strong>aetate</strong></span> <span class='ocrx_word' id='word_1_127' title='bbox 1092 3043 1237 3132; x_wconf 87' lang='lat' dir='ltr'><strong>juvenili</strong></span> <span class='ocrx_word' id='word_1_128' title='bbox 1268 3044 1401 3112; x_wconf 84' lang='lat' dir='ltr'><strong>lascivis</strong></span> <span class='ocrx_word' id='word_1_129' title='bbox 1426 3052 1461 3114; x_wconf 90' lang='lat' dir='ltr'><strong>et</strong></span> 
     </span>
    </p>
   </div>
   <div class='ocr_carea' id='block_1_11' title="bbox 237 3141 1460 3258">
    <p class='ocr_par' dir='ltr' id='par_1_13' title="bbox 237 3141 1460 3258">
     <span class='ocr_line' id='line_1_21' title="bbox 237 3141 1460 3258; baseline 0.005 -48"><span class='ocrx_word' id='word_1_130' title='bbox 237 3141 567 3258; x_wconf 54' lang='lat' dir='ltr'><strong>ffigffisaginatis</strong></span> <span class='ocrx_word' id='word_1_131' title='bbox 589 3149 743 3216; x_wconf 89' lang='lat' dir='ltr'><strong>carnibus</strong></span> <span class='ocrx_word' id='word_1_132' title='bbox 769 3147 919 3214; x_wconf 79' lang='lat' dir='ltr'><strong>incedere</strong></span> <span class='ocrx_word' id='word_1_133' title='bbox 950 3151 1172 3225; x_wconf 89' lang='lat' dir='ltr'><strong>consueverat,</strong></span> <span class='ocrx_word' id='word_1_134' title='bbox 1196 3146 1327 3215; x_wconf 79' lang='lat' dir='ltr'><strong>infectis</strong></span> <span class='ocrx_word' id='word_1_135' title='bbox 1350 3149 1460 3216; x_wconf 90' lang='lat' dir='ltr'><strong>subito</strong></span> 
     </span>
    </p>
   </div>
   <div class='ocr_carea' id='block_1_12' title="bbox 237 3288 356 3324">
    <p class='ocr_par' dir='ltr' id='par_1_14' title="bbox 237 3288 356 3324">
     <span class='ocr_line' id='line_1_22' title="bbox 237 3288 356 3324; baseline 0.025 -3"><span class='ocrx_word' id='word_1_136' title='bbox 237 3289 271 3321; x_wconf 80' lang='lat' dir='ltr'><strong>an</strong></span> <span class='ocrx_word' id='word_1_137' title='bbox 281 3288 356 3324; x_wconf 70' lang='lat'>0110!-</span> 
     </span>
    </p>
   </div>
   <div class='ocr_carea' id='block_1_13' title="bbox 409 3249 1460 3338">
    <p class='ocr_par' dir='ltr' id='par_1_15' title="bbox 409 3249 1460 3338">
     <span class='ocr_line' id='line_1_23' title="bbox 409 3249 1460 3338; baseline -0.004 -17"><span class='ocrx_word' id='word_1_138' title='bbox 409 3255 598 3331; x_wconf 86' lang='lat' dir='ltr'><strong>visceribus,</strong></span> <span class='ocrx_word' id='word_1_139' title='bbox 631 3251 780 3318; x_wconf 85' lang='lat' dir='ltr'><strong>adinstar</strong></span> <span class='ocrx_word' id='word_1_140' title='bbox 811 3249 936 3315; x_wconf 86' lang='lat' dir='ltr'><strong>inflatae</strong></span> <span class='ocrx_word' id='word_1_141' title='bbox 963 3253 998 3314; x_wconf 91' lang='lat' dir='ltr'><strong>et</strong></span> <span class='ocrx_word' id='word_1_142' title='bbox 1028 3249 1148 3316; x_wconf 85' lang='lat' dir='ltr'><strong>lucidae</strong></span> <span class='ocrx_word' id='word_1_143' title='bbox 1170 3250 1286 3318; x_wconf 85' lang='lat' dir='ltr'><strong>vesicae</strong></span> <span class='ocrx_word' id='word_1_144' title='bbox 1312 3273 1371 3338; x_wconf 90' lang='lat' dir='ltr'><strong>per</strong></span> <span class='ocrx_word' id='word_1_145' title='bbox 1394 3253 1460 3317; x_wconf 89' lang='lat' dir='ltr'><strong>sin-</strong></span> 
     </span>
    </p>
   </div>
   <div class='ocr_carea' id='block_1_14' title="bbox 235 3339 1459 3444">
    <p class='ocr_par' dir='ltr' id='par_1_16' title="bbox 235 3339 1459 3444">
     <span class='ocr_line' id='line_1_24' title="bbox 235 3339 1459 3444; baseline 0.007 -35"><span class='ocrx_word' id='word_1_146' title='bbox 235 3353 308 3390; x_wconf 75' lang='lat' dir='ltr'><strong>mous</strong></span> <span class='ocrx_word' id='word_1_147' title='bbox 318 3339 378 3392; x_wconf 69' lang='lat'><strong>⁵¹²⁰·</strong></span> <span class='ocrx_word' id='word_1_148' title='bbox 407 3357 487 3444; x_wconf 75' lang='lat' dir='ltr'><strong>gule</strong></span> <span class='ocrx_word' id='word_1_149' title='bbox 532 3351 680 3420; x_wconf 89' lang='lat' dir='ltr'><strong>membra</strong></span> <span class='ocrx_word' id='word_1_150' title='bbox 726 3350 936 3416; x_wconf 83' lang='lat' dir='ltr'><strong>distenditur.</strong></span> <span class='ocrx_word' id='word_1_151' title='bbox 997 3349 1101 3438; x_wconf 88' lang='lat' dir='ltr'><strong>Ignea</strong></span> <span class='ocrx_word' id='word_1_152' title='bbox 1142 3351 1244 3417; x_wconf 89' lang='lat' dir='ltr'><strong>etiam</strong></span> <span class='ocrx_word' id='word_1_153' title='bbox 1285 3353 1379 3420; x_wconf 86' lang='lat' dir='ltr'><strong>tabes</strong></span> <span class='ocrx_word' id='word_1_154' title='bbox 1422 3354 1459 3418; x_wconf 88' lang='lat' dir='ltr'><strong>in</strong></span> 
     </span>
    </p>
   </div>
   <div class='ocr_carea' id='block_1_15' title="bbox 401 3451 1458 3950">
    <p class='ocr_par' dir='ltr' id='par_1_17' title="bbox 401 3451 1458 3950">
     <span class='ocr_line' id='line_1_25' title="bbox 406 3451 1458 3548; baseline -0.003 -23"><span class='ocrx_word' id='word_1_155' title='bbox 406 3455 677 3548; x_wconf 82' lang='lat' dir='ltr'><strong>profundioribus</strong></span> <span class='ocrx_word' id='word_1_156' title='bbox 711 3453 877 3540; x_wconf 86' lang='lat' dir='ltr'><strong>pulmonis</strong></span> <span class='ocrx_word' id='word_1_157' title='bbox 915 3451 1067 3539; x_wconf 85' lang='lat' dir='ltr'><strong>partibus</strong></span> <span class='ocrx_word' id='word_1_158' title='bbox 1105 3451 1229 3532; x_wconf 85' lang='lat' dir='ltr'><strong>oborta,</strong></span> <span class='ocrx_word' id='word_1_159' title='bbox 1259 3453 1351 3522; x_wconf 87' lang='lat' dir='ltr'><strong>sitim</strong></span> <span class='ocrx_word' id='word_1_160' title='bbox 1389 3459 1458 3522; x_wconf 86' lang='lat' dir='ltr'><strong>tam</strong></span> 
     </span>
     <span class='ocr_line' id='line_1_26' title="bbox 403 3555 1458 3647; baseline -0.004 -19"><span class='ocrx_word' id='word_1_161' title='bbox 403 3557 698 3647; x_wconf 85' lang='lat' dir='ltr'><strong>inextinguibilem</strong></span> <span class='ocrx_word' id='word_1_162' title='bbox 729 3556 766 3620; x_wconf 92' lang='lat' dir='ltr'><strong>in</strong></span> <span class='ocrx_word' id='word_1_163' title='bbox 798 3576 838 3622; x_wconf 90' lang='lat' dir='ltr'><strong>ea</strong></span> <span class='ocrx_word' id='word_1_164' title='bbox 871 3555 1041 3633; x_wconf 85' lang='lat' dir='ltr'><strong>excitavit,</strong></span> <span class='ocrx_word' id='word_1_165' title='bbox 1063 3555 1153 3642; x_wconf 92' lang='lat' dir='ltr'><strong>quod</strong></span> <span class='ocrx_word' id='word_1_166' title='bbox 1175 3556 1247 3642; x_wconf 89' lang='lat' dir='ltr'><strong>ejus</strong></span> <span class='ocrx_word' id='word_1_167' title='bbox 1268 3556 1458 3625; x_wconf 79' lang='lat' dir='ltr'><strong>incendium</strong></span> 
     </span>
     <span class='ocr_line' id='line_1_27' title="bbox 401 3655 1458 3750; baseline -0.006 -18"><span class='ocrx_word' id='word_1_168' title='bbox 401 3663 542 3750; x_wconf 85' lang='lat' dir='ltr'><strong>alicujus</strong></span> <span class='ocrx_word' id='word_1_169' title='bbox 580 3658 719 3745; x_wconf 86' lang='lat' dir='ltr'><strong>liquoris</strong></span> <span class='ocrx_word' id='word_1_170' title='bbox 756 3655 922 3723; x_wconf 89' lang='lat' dir='ltr'><strong>infusione</strong></span> <span class='ocrx_word' id='word_1_171' title='bbox 963 3656 1098 3743; x_wconf 88' lang='lat' dir='ltr'><strong>reprimi</strong></span> <span class='ocrx_word' id='word_1_172' title='bbox 1136 3677 1204 3724; x_wconf 92' lang='lat' dir='ltr'><strong>non</strong></span> <span class='ocrx_word' id='word_1_173' title='bbox 1240 3661 1381 3745; x_wconf 89' lang='lat' dir='ltr'><strong>poterat,</strong></span> <span class='ocrx_word' id='word_1_174' title='bbox 1418 3667 1458 3726; x_wconf 88' lang='lat' dir='ltr'><strong>ut</strong></span> 
     </span>
     <span class='ocr_line' id='line_1_28' title="bbox 403 3757 1458 3850; baseline -0.006 -16"><span class='ocrx_word' id='word_1_175' title='bbox 403 3766 564 3834; x_wconf 74' lang='lat' dir='ltr'><strong>uedebat.</strong></span> <span class='ocrx_word' id='word_1_176' title='bbox 611 3760 716 3827; x_wconf 89' lang='lat' dir='ltr'><strong>Periit</strong></span> <span class='ocrx_word' id='word_1_177' title='bbox 749 3760 787 3826; x_wconf 88' lang='lat' dir='ltr'><strong>in</strong></span> <span class='ocrx_word' id='word_1_178' title='bbox 818 3779 858 3825; x_wconf 91' lang='lat' dir='ltr'><strong>ea</strong></span> <span class='ocrx_word' id='word_1_179' title='bbox 882 3757 985 3824; x_wconf 88' lang='lat' dir='ltr'><strong>ferme</strong></span> <span class='ocrx_word' id='word_1_180' title='bbox 1008 3757 1163 3826; x_wconf 85' lang='lat' dir='ltr'><strong>humanae</strong></span> <span class='ocrx_word' id='word_1_181' title='bbox 1185 3758 1299 3826; x_wconf 84' lang='lat' dir='ltr'><strong>formae</strong></span> <span class='ocrx_word' id='word_1_182' title='bbox 1321 3763 1458 3850; x_wconf 87' lang='lat' dir='ltr'><strong>agnitio,</strong></span> 
     </span>
     <span class='ocr_line' id='line_1_29' title="bbox 403 3861 1457 3950; baseline -0.004 -16"><span class='ocrx_word' id='word_1_183' title='bbox 403 3871 452 3935; x_wconf 90' lang='lat' dir='ltr'><strong>ita</strong></span> <span class='ocrx_word' id='word_1_184' title='bbox 474 3873 514 3933; x_wconf 91' lang='lat' dir='ltr'><strong>ut</strong></span> <span class='ocrx_word' id='word_1_185' title='bbox 535 3864 712 3930; x_wconf 88' lang='lat' dir='ltr'><strong>videbatur</strong></span> <span class='ocrx_word' id='word_1_186' title='bbox 733 3861 845 3948; x_wconf 89' lang='lat' dir='ltr'><strong>potius</strong></span> <span class='ocrx_word' id='word_1_187' title='bbox 876 3861 1066 3948; x_wconf 86' lang='lat' dir='ltr'><strong>prodigium</strong></span> <span class='ocrx_word' id='word_1_188' title='bbox 1088 3883 1190 3948; x_wconf 89' lang='lat' dir='ltr'><strong>quam</strong></span> <span class='ocrx_word' id='word_1_189' title='bbox 1211 3863 1319 3950; x_wconf 89' lang='lat' dir='ltr'><strong>proles</strong></span> <span class='ocrx_word' id='word_1_190' title='bbox 1341 3865 1457 3931; x_wconf 89' lang='lat' dir='ltr'><strong>mulie-</strong></span> 
     </span>
    </p>
   </div>
   <div class='ocr_carea' id='block_1_16' title="bbox 339 3961 1457 4056">
    <p class='ocr_par' dir='ltr' id='par_1_18' title="bbox 339 3961 1457 4056">
     <span class='ocr_line' id='line_1_30' title="bbox 339 3961 1457 4056; baseline -0.004 -19"><span class='ocrx_word' id='word_1_191' title='bbox 339 3961 343 3968; x_wconf 65' lang='grc'>’</span> <span class='ocrx_word' id='word_1_192' title='bbox 403 3971 457 4037; x_wconf 84' lang='lat' dir='ltr'><strong>ria.</strong></span> <span class='ocrx_word' id='word_1_193' title='bbox 503 3967 630 4056; x_wconf 85' lang='lat' dir='ltr'><strong>Spretis</strong></span> <span class='ocrx_word' id='word_1_194' title='bbox 664 3965 767 4052; x_wconf 85' lang='lat' dir='ltr'><strong>igitur</strong></span> <span class='ocrx_word' id='word_1_195' title='bbox 801 3963 937 4031; x_wconf 86' lang='lat' dir='ltr'><strong>medicis</strong></span> <span class='ocrx_word' id='word_1_196' title='bbox 969 3964 1065 4044; x_wconf 85' lang='lat' dir='ltr'><strong>vivis,</strong></span> <span class='ocrx_word' id='word_1_197' title='bbox 1098 3965 1142 4031; x_wconf 88' lang='lat' dir='ltr'><strong>ad</strong></span> <span class='ocrx_word' id='word_1_198' title='bbox 1180 3965 1301 4033; x_wconf 85' lang='lat' dir='ltr'><strong>medici</strong></span> <span class='ocrx_word' id='word_1_199' title='bbox 1333 3968 1457 4033; x_wconf 88' lang='lat' dir='ltr'><strong>mortui</strong></span> 
     </span>
    </p>
   </div>
   <div class='ocr_carea' id='block_1_17' title="bbox 232 4405 353 4656">
    <p class='ocr_par' dir='ltr' id='par_1_19' title="bbox 232 4405 317 4458">
     <span class='ocr_line' id='line_1_31' title="bbox 232 4405 317 4458; baseline -0.047 0"><span class='ocrx_word' id='word_1_200' title='bbox 232 4405 284 4458; x_wconf 86' lang='lat' dir='ltr'><strong>She</strong></span> <span class='ocrx_word' id='word_1_201' title='bbox 295 4405 317 4454; x_wconf 86' lang='lat' dir='ltr'><strong>is</strong></span> 
     </span>
    </p>

    <p class='ocr_par' dir='ltr' id='par_1_20' title="bbox 232 4471 353 4656">
     <span class='ocr_line' id='line_1_32' title="bbox 232 4471 351 4523; baseline -0.008 0"><span class='ocrx_word' id='word_1_202' title='bbox 232 4471 351 4523; x_wconf 82' lang='lat' dir='ltr'><strong>anointed</strong></span> 
     </span>
     <span class='ocr_line' id='line_1_33' title="bbox 235 4539 353 4589; baseline 0 0"><span class='ocrx_word' id='word_1_203' title='bbox 235 4539 298 4589; x_wconf 85' lang='lat' dir='ltr'><strong>with</strong></span> <span class='ocrx_word' id='word_1_204' title='bbox 310 4539 353 4589; x_wconf 85' lang='lat' dir='ltr'><strong>tha</strong></span> 
     </span>
     <span class='ocr_line' id='line_1_34' title="bbox 235 4605 348 4656; baseline -0.009 0"><span class='ocrx_word' id='word_1_205' title='bbox 235 4607 270 4656; x_wconf 87' lang='lat' dir='ltr'><strong>oit</strong></span> <span class='ocrx_word' id='word_1_206' title='bbox 281 4605 348 4655; x_wconf 83' lang='lat' dir='ltr'><strong>from</strong></span> 
     </span>
    </p>
   </div>
   <div class='ocr_carea' id='block_1_18' title="bbox 231 4670 368 4789">
    <p class='ocr_par' dir='ltr' id='par_1_21' title="bbox 231 4670 368 4789">
     <span class='ocr_line' id='line_1_35' title="bbox 232 4670 368 4723; baseline -0.007 0"><span class='ocrx_word' id='word_1_207' title='bbox 232 4670 368 4723; x_wconf 86' lang='lat' dir='ltr'><strong>William’s</strong></span> 
     </span>
     <span class='ocr_line' id='line_1_36' title="bbox 231 4740 302 4789; baseline -0.014 0"><span class='ocrx_word' id='word_1_208' title='bbox 231 4745 259 4789; x_wconf 86' lang='lat' dir='ltr'><strong>to</strong></span> <span class='ocrx_word' id='word_1_209' title='bbox 285 4740 302 4788; x_wconf 93' lang='lat' dir='ltr'><strong>b</strong></span> 
     </span>
    </p>
   </div>
   <div class='ocr_carea' id='block_1_19' title="bbox 402 4065 1551 4776">
    <p class='ocr_par' dir='ltr' id='par_1_22' title="bbox 402 4065 1551 4776">
     <span class='ocr_line' id='line_1_37' title="bbox 403 4065 1456 4155; baseline -0.004 -15"><span class='ocrx_word' id='word_1_210' title='bbox 403 4075 520 4140; x_wconf 85' lang='lat' dir='ltr'><strong>vivum</strong></span> <span class='ocrx_word' id='word_1_211' title='bbox 542 4069 719 4136; x_wconf 88' lang='lat' dir='ltr'><strong>festinatur</strong></span> <span class='ocrx_word' id='word_1_212' title='bbox 741 4065 939 4132; x_wconf 89' lang='lat' dir='ltr'><strong>antidotum.</strong></span> <span class='ocrx_word' id='word_1_213' title='bbox 986 4065 1153 4132; x_wconf 89' lang='lat' dir='ltr'><strong>Oneratur</strong></span> <span class='ocrx_word' id='word_1_214' title='bbox 1167 4068 1256 4132; x_wconf 87' lang='lat' dir='ltr'><strong>enirn</strong></span> <span class='ocrx_word' id='word_1_215' title='bbox 1270 4067 1456 4155; x_wconf 73' lang='lat' dir='ltr'><strong>plaustrum</strong></span> 
     </span>
     <span class='ocr_line' id='line_1_38' title="bbox 403 4168 1551 4262; baseline -0.003 -19"><span class='ocrx_word' id='word_1_216' title='bbox 403 4177 471 4243; x_wconf 89' lang='lat' dir='ltr'><strong>solo</strong></span> <span class='ocrx_word' id='word_1_217' title='bbox 505 4193 637 4262; x_wconf 84' lang='lat' dir='ltr'><strong>corpore</strong></span> <span class='ocrx_word' id='word_1_218' title='bbox 674 4169 819 4256; x_wconf 88' lang='lat' dir='ltr'><strong>plenum,</strong></span> <span class='ocrx_word' id='word_1_219' title='bbox 842 4173 877 4234; x_wconf 85' lang='lat' dir='ltr'><strong>et</strong></span> <span class='ocrx_word' id='word_1_220' title='bbox 902 4173 985 4235; x_wconf 88' lang='lat' dir='ltr'><strong>ante</strong></span> <span class='ocrx_word' id='word_1_221' title='bbox 1003 4168 1126 4234; x_wconf 89' lang='lat' dir='ltr'><strong>ostium</strong></span> <span class='ocrx_word' id='word_1_222' title='bbox 1149 4169 1245 4237; x_wconf 83' lang='lat' dir='ltr'><strong>Beati</strong></span> <span class='ocrx_word' id='word_1_223' title='bbox 1268 4169 1358 4236; x_wconf 84' lang='lat' dir='ltr'><strong>Petri</strong></span> <span class='ocrx_word' id='word_1_224' title='bbox 1380 4191 1455 4238; x_wconf 91' lang='lat' dir='ltr'><strong>cum</strong></span> <span class='ocrx_word' id='word_1_225' title='bbox 1545 4231 1551 4240; x_wconf 93' lang='lat'>.</span> 
     </span>
     <span class='ocr_line' id='line_1_39' title="bbox 403 4273 1456 4360; baseline -0.004 -16"><span class='ocrx_word' id='word_1_226' title='bbox 403 4279 517 4344; x_wconf 90' lang='lat' dir='ltr'><strong>multis</strong></span> <span class='ocrx_word' id='word_1_227' title='bbox 549 4274 724 4342; x_wconf 86' lang='lat' dir='ltr'><strong>sudoribus</strong></span> <span class='ocrx_word' id='word_1_228' title='bbox 755 4278 807 4339; x_wconf 87' lang='lat' dir='ltr'><strong>est</strong></span> <span class='ocrx_word' id='word_1_229' title='bbox 838 4277 1053 4338; x_wconf 85' lang='lat' dir='ltr'><strong>exoneratum</strong></span> <span class='ocrx_word' id='word_1_230' title='bbox 1080 4276 1115 4337; x_wconf 89' lang='lat' dir='ltr'><strong>et</strong></span> <span class='ocrx_word' id='word_1_231' title='bbox 1147 4273 1191 4338; x_wconf 93' lang='lat' dir='ltr'><strong>ad</strong></span> <span class='ocrx_word' id='word_1_232' title='bbox 1213 4273 1319 4339; x_wconf 85' lang='lat' dir='ltr'><strong>sancti</strong></span> <span class='ocrx_word' id='word_1_233' title='bbox 1347 4275 1456 4360; x_wconf 86' lang='lat' dir='ltr'><strong>patris</strong></span> 
     </span>
     <span class='ocr_line' id='line_1_40' title="bbox 404 4373 1455 4461; baseline -0.004 -16"><span class='ocrx_word' id='word_1_234' title='bbox 404 4380 563 4446; x_wconf 85' lang='lat' dir='ltr'><strong>Willelrni</strong></span> <span class='ocrx_word' id='word_1_235' title='bbox 585 4381 729 4443; x_wconf 88' lang='lat' dir='ltr'><strong>tractum</strong></span> <span class='ocrx_word' id='word_1_236' title='bbox 754 4374 999 4461; x_wconf 84' lang='lat' dir='ltr'><strong>sarcophagum.</strong></span> <span class='ocrx_word' id='word_1_237' title='bbox 1047 4373 1129 4439; x_wconf 91' lang='lat' dir='ltr'><strong>Oleo</strong></span> <span class='ocrx_word' id='word_1_238' title='bbox 1155 4373 1268 4460; x_wconf 89' lang='lat' dir='ltr'><strong>igitur,</strong></span> <span class='ocrx_word' id='word_1_239' title='bbox 1296 4377 1384 4460; x_wconf 90' lang='lat' dir='ltr'><strong>quod</strong></span> <span class='ocrx_word' id='word_1_240' title='bbox 1414 4377 1455 4441; x_wconf 89' lang='lat' dir='ltr'><strong>de</strong></span> 
     </span>
     <span class='ocr_line' id='line_1_41' title="bbox 405 4476 1455 4564; baseline -0.007 -15"><span class='ocrx_word' id='word_1_241' title='bbox 405 4483 517 4549; x_wconf 83' lang='lat' dir='ltr'><strong>Sancti</strong></span> <span class='ocrx_word' id='word_1_242' title='bbox 556 4480 685 4545; x_wconf 89' lang='lat' dir='ltr'><strong>tumulo</strong></span> <span class='ocrx_word' id='word_1_243' title='bbox 719 4477 898 4554; x_wconf 86' lang='lat' dir='ltr'><strong>emanavit,</strong></span> <span class='ocrx_word' id='word_1_244' title='bbox 928 4476 1049 4543; x_wconf 90' lang='lat' dir='ltr'><strong>misera</strong></span> <span class='ocrx_word' id='word_1_245' title='bbox 1085 4497 1261 4564; x_wconf 88' lang='lat' dir='ltr'><strong>parumper</strong></span> <span class='ocrx_word' id='word_1_246' title='bbox 1299 4477 1455 4564; x_wconf 84' lang='lat' dir='ltr'><strong>ungitur3</strong></span> 
     </span>
     <span class='ocr_line' id='line_1_42' title="bbox 402 4577 1456 4663; baseline -0.004 -13"><span class='ocrx_word' id='word_1_247' title='bbox 402 4591 444 4663; x_wconf 89' lang='lat' dir='ltr'><strong>et,</strong></span> <span class='ocrx_word' id='word_1_248' title='bbox 468 4587 509 4648; x_wconf 91' lang='lat' dir='ltr'><strong>ut</strong></span> <span class='ocrx_word' id='word_1_249' title='bbox 539 4582 659 4646; x_wconf 86' lang='lat' dir='ltr'><strong>misera</strong></span> <span class='ocrx_word' id='word_1_250' title='bbox 689 4581 752 4646; x_wconf 84' lang='lat' dir='ltr'><strong>fari</strong></span> <span class='ocrx_word' id='word_1_251' title='bbox 775 4577 956 4658; x_wconf 86' lang='lat' dir='ltr'><strong>consuevit,</strong></span> <span class='ocrx_word' id='word_1_252' title='bbox 978 4600 1059 4645; x_wconf 89' lang='lat' dir='ltr'><strong>voce</strong></span> <span class='ocrx_word' id='word_1_253' title='bbox 1091 4577 1236 4644; x_wconf 87' lang='lat' dir='ltr'><strong>mirabili</strong></span> <span class='ocrx_word' id='word_1_254' title='bbox 1258 4579 1412 4645; x_wconf 81' lang='lat' dir='ltr'><strong>sanitatis</strong></span> <span class='ocrx_word' id='word_1_255' title='bbox 1433 4601 1456 4646; x_wconf 86' lang='lat' dir='ltr'><strong>a</strong></span> 
     </span>
     <span class='ocr_line' id='line_1_43' title="bbox 402 4680 1453 4776; baseline -0.005 -22"><span class='ocrx_word' id='word_1_256' title='bbox 402 4687 522 4754; x_wconf 85' lang='lat' dir='ltr'><strong>Sancto</strong></span> <span class='ocrx_word' id='word_1_257' title='bbox 544 4684 760 4776; x_wconf 71' lang='lat' dir='ltr'><strong>fragrantiam</strong></span> <span class='ocrx_word' id='word_1_258' title='bbox 792 4681 968 4768; x_wconf 68' lang='lat' dir='ltr'><strong>flagitawst.</strong></span> <span class='ocrx_word' id='word_1_259' title='bbox 1015 4680 1100 4746; x_wconf 88' lang='lat' dir='ltr'><strong>Mira</strong></span> <span class='ocrx_word' id='word_1_260' title='bbox 1122 4702 1182 4746; x_wconf 87' lang='lat' dir='ltr'><strong>res.</strong></span> <span class='ocrx_word' id='word_1_261' title='bbox 1222 4681 1453 4769; x_wconf 90' lang='lat' dir='ltr'><strong>Hydropicum</strong></span> 
     </span>
    </p>
   </div>
   <div class='ocr_carea' id='block_1_20' title="bbox 260 4755 1452 4876">
    <p class='ocr_par' dir='ltr' id='par_1_23' title="bbox 260 4755 1452 4876">
     <span class='ocr_line' id='line_1_44' title="bbox 260 4755 1452 4876; baseline -0.004 -18"><span class='ocrx_word' id='word_1_262' title='bbox 260 4755 310 4789; x_wconf 86' lang='lat' dir='ltr'><strong>m.</strong></span> <span class='ocrx_word' id='word_1_263' title='bbox 399 4790 568 4876; x_wconf 89' lang='lat' dir='ltr'><strong>liquamen</strong></span> <span class='ocrx_word' id='word_1_264' title='bbox 590 4787 671 4854; x_wconf 84' lang='lat' dir='ltr'><strong>adeo</strong></span> <span class='ocrx_word' id='word_1_265' title='bbox 693 4807 752 4872; x_wconf 89' lang='lat' dir='ltr'><strong>per</strong></span> <span class='ocrx_word' id='word_1_266' title='bbox 774 4784 838 4852; x_wconf 90' lang='lat' dir='ltr'><strong>olei</strong></span> <span class='ocrx_word' id='word_1_267' title='bbox 861 4785 968 4852; x_wconf 82' lang='lat' dir='ltr'><strong>sancti</strong></span> <span class='ocrx_word' id='word_1_268' title='bbox 996 4783 1134 4870; x_wconf 80' lang='lat' dir='ltr'><strong>liquoris</strong></span> <span class='ocrx_word' id='word_1_269' title='bbox 1156 4783 1317 4853; x_wconf 81' lang='lat' dir='ltr'><strong>virtutem</strong></span> <span class='ocrx_word' id='word_1_270' title='bbox 1350 4785 1452 4853; x_wconf 89' lang='lat' dir='ltr'><strong>desic-</strong></span> 
     </span>
    </p>
   </div>
   <div class='ocr_carea' id='block_1_21' title="bbox 0 0 1808 5798">
    <p class='ocr_par' dir='ltr' id='par_1_24' title="bbox 0 0 1808 5798">
     <span class='ocr_line' id='line_1_45' title="bbox 0 0 1808 5798; baseline 0 1"><span class='ocrx_word' id='word_1_271' title='bbox 0 0 1808 5798; x_wconf 95' lang='lat' dir='ltr'><strong> </strong></span> 
     </span>
    </p>
   </div>
  </div>
 </body>
</html>
