3530 5790
402 857 466 920 356
752 871 949 920 csuomcnn
972 871 1015 919 or
1038 871 1109 920 run

402 1061 498 1129 cendi
528 1059 587 1128 in¹
610 1061 820 1129 Germaniam
852 1064 1029 1151 profectus,
1052 1085 1183 1131 omnem
1218 1064 1389 1131 Saxonum
1419 1067 1454 1130 et

403 1163 613 1231 Theutonum
636 1165 779 1231 scholam
803 1174 854 1232 est
884 1173 1127 1253 perscrutatum
1161 1166 1239 1234 inde
1262 1190 1321 1254 per
1352 1166 1452 1232 Fran·

402 1269 487 1334 eiam
524 1292 673 1336 reversus
716 1271 964 1348 Normanniam,
1001 1273 1148 1358 perrexit
1184 1273 1227 1338 ad
1265 1271 1451 1356 Hispaniae,

402 1373 515 1458 ibique
537 1371 665 1439 multa²
688 1396 762 1461 quae
793 1374 874 1439 alibi
897 1395 964 1438 non
985 1377 1098 1462 potuit
1128 1375 1309 1452 addiscens,
1340 1377 1452 1460 pectus

234 1481 282 1530 His
295 1488 367 1560 great
403 1498 499 1541 suum
520 1475 776 1563 Hispanicarum
798 1477 877 1543 feeit
898 1479 1078 1544 armarium
1100 1479 1322 1544 scientiarum.
1367 1476 1448 1541 Tan·

235 1549 355 1613 lecmmg.
402 1579 477 1644 dem
500 1580 543 1644 ad
565 1579 676 1647 natale
711 1580 816 1646 solum
847 1602 1007 1658 reversus,
1039 1581 1205 1668 magnifici
1238 1581 1304 1644 viri
1328 1579 1451 1645 Odonis

402 1683 588 1748 Baiocensis
611 1684 754 1769 episcopi
785 1681 1045 1749 familiaritatem
1075 1691 1201 1762 nactus,
1224 1690 1296 1748 tum
1319 1688 1451 1769 propter

401 1807 528 1849 morum
552 1786 758 1872 elegantiam,
774 1793 847 1850 tum
869 1792 1004 1872 propter
1019 1786 1248 1851 multimodam
1271 1787 1450 1862 seientiam,

403 1888 588 1953 Baiooensis
622 1889 765 1954 eeclesiae
797 1889 840 1954 ab
872 1888 986 1953 eodem
1021 1889 1171 1975 episcopo
1203 1893 1371 1954 assecutus
1401 1895 1451 1954 est

401 1990 661 2070 thesaurariam
698 2013 759 2056 neo
791 1991 897 2055 multo
932 1996 1008 2076 post
1045 2013 1119 2056 cum
1154 1991 1267 2056 eodem
1302 1990 1451 2077 episeopo

401 2093 539 2166 veniens
561 2093 597 2156 in
620 2092 784 2178 Angliam,
807 2093 893 2178 regis
917 2091 1075 2157 Willelmi
1092 2093 1237 2158 Senioris
1259 2098 1451 2159 consecutus

400 2200 450 2258 est
473 2195 687 2280 capellaniam.

234 2301 289 2350 The
300 2301 357 2352 four
447 2295 584 2382 Recepit
608 2296 751 2361 Thomas
784 2295 902 2360 Senior
936 2297 1160 2382 episcopatum
1194 2317 1282 2362 anno
1315 2295 1451 2360 Domini

233 2367 376 2485 fifflfcl,
402 2399 517 2476 mlxx„
533 2407 567 2464 et
589 2401 678 2464 vixit
693 2401 729 2464 in
746 2400 936 2486 episcopatu
960 2400 1056 2466 annis
1079 2421 1160 2464 xxx.
1198 2399 1358 2464 Girandus
1373 2421 1451 2464 vero

233 2501 346 2565 bishops.
399 2503 489 2567 vixit
511 2502 566 2566 vii.
590 2503 695 2578 annis,
718 2507 753 2566 ct
786 2502 955 2566 mensibus
987 2502 1054 2567 fere
1077 2503 1121 2566 vi.
1166 2499 1309 2567 Thomas
1331 2501 1452 2568 Junior

398 2605 488 2670 vixit
517 2605 612 2668 annis
635 2625 674 2681 v.‚
698 2609 733 2667 et
754 2605 924 2668 mensibus
957 2603 1024 2669 fere
1048 2605 1093 2668 ix.
1154 2603 1331 2668 Turstinus
1362 2605 1450 2669 vixit

399 2729 480 2772 xxv.
514 2708 617 2783 annis,
652 2711 688 2770 et
718 2707 886 2771 mensibus
918 2705 1009 2784 νὶ.;8
1042 2713 1077 2772 et
1099 2710 1259 2784 mortuus,
1282 2707 1451 2792 sepultus‘

398 2808 487 2894 apud
510 2807 827 2894 Ponte[m]fractum.

444 2910 542 2974 Anno
565 2915 677 2974 autem
700 2915 817 2994 quarto
840 2909 934 2995 regni
956 2909 1061 2996 ipsius
1076 2909 1183 2995 regis?
1205 2925 1240 2974 Μ.
1257 2909 1334 2987 lxx„
1357 2909 1450 2974 dedit

400 3013 487 3076 idem
510 3041 559 3076 rex
592 3012 827 3078 Eboracensem
859 3022 1138 3094 archiepiscopatum
1170 3013 1310 3098 praefato
1333 3023 1447 3077 theson·
1461 3013 1550 3078 Hugh,
1564 3033 1590 3079 Ρ·

230 3111 361 3227 albium
398 3117 495 3192 renio,l
518 3115 661 3194 Thomae,
691 3125 840 3196 capellano
870 3141 930 3180 sno.
978 3114 1027 3179 Ea
1050 3119 1247 3200 tempestate
1278 3120 1351 3180 tota
1381 3085 1502 3181 ferew'

231 3189 341 3307 loiniry
399 3217 663 3283 Northhumbria
684 3219 728 3283 ab
750 3217 864 3281 eodem
886 3239 962 3303 rege
984 3217 1072 3281 ferro
1102 3223 1137 3281 et
1159 3215 1293 3282 flamma
1315 3218 1350 3281 in
1372 3218 1447 3284 soli-

231 3312 386 3362 when'rhc
399 3320 548 3385 tudinem
587 3321 727 3395 redacta,
761 3320 825 3404 ipsi
858 3319 1000 3404 episcopi
1038 3323 1223 3383 metuentes
1260 3319 1340 3384 novi
1364 3320 1449 3405 regis

231 3393 347 3495 iigltl'sis
399 3421 649 3498 crudelitatem,i
671 3417 882 3506 exteraeque⁸
904 3422 1013 3506 gentis
1047 3421 1239 3498 dominium,
1262 3422 1357 3506 cujus
1390 3443 1450 3488 nee

399 3525 547 3609 linguam
580 3544 640 3588 nec
671 3545 775 3587 mores
806 3527 978 3599 noverant,
1001 3522 1124 3587 relictis
1154 3522 1288 3587 sedibus
1310 3525 1377 3588 suis
1400 3525 1450 3589 di·

228 3640 352 3690 naccon·
399 3649 510 3692 versas
533 3627 681 3712 regiones
705 3623 883 3690 adierunt.⁹
929 3625 1101 3709 Equibus
1125 3623 1359 3692 Dunelmensis
1381 3628 1450 3712 epi·

230 3709 381 3825 {fffflas
398 3753 524 3816 scopus,
570 3729 772 3814 Agelwinus‚
811 3729 891 3792 dum
931 3727 1101 3793 Coloniam
1139 3729 1274 3814 navigio
1312 3735 1448 3816 peteret,

230 3839 354 3890 deferrer.
397 3834 507 3900 ventis
530 3831 703 3897 contrariis
734 3830 892 3916 repulsus,
917 3829 1062 3894 Scotiam
1090 3834 1141 3893 est
1162 3831 1341 3916 appulsus;
1371 3833 1448 3897 inde

399 3934 554 4021 Angliam
577 3953 726 3998 reversus
748 3931 837 4017 apud
861 3931 940 3996 Heli
950 3929 975 3970 ¹⁰
997 3937 1048 3996 est
1069 3937 1195 4017 captus,
1211 3938 1245 3997 et
1267 3934 1356 4018 apud
1378 3935 1449 4000 Ab·

429 4185 436 4217 ¹
454 4185 494 4252 in]
515 4199 565 4233 om.
578 4183 608 4235 C.
976 4179 987 4211 ⁸
1005 4179 1178 4249 marmorio]
1199 4181 1296 4236 scilicet
1307 4184 1353 4234 inc.
1372 4185 1407 4235 Δ.
1419 4183 1448 4236 C.

427 4265 438 4297 ²
457 4263 546 4329 multa]
568 4263 618 4312 alia
630 4263 675 4311 ica.
687 4259 722 4311 Δ.
942 4259 976 4310 D.

426 4342 574 4391 ³meneibus
586 4342 633 4407 vi]
654 4339 750 4390 visere
761 4337 900 4398 mensibus,
976 4337 1190 4406 icrudelitatem]
1210 4355 1260 4390 om
1272 4347 1328 4391 text
1339 4343 1449 4401 anim

394 4422 426 4473 G.
943 4418 1113 4469 inathercst.

426 4498 579 4565 ⁴sepultum]
608 4499 770 4562 sepultusque
800 4505 846 4557 est,
870 4497 900 4548 C.
975 4497 986 4528 ⁸
1004 4497 1152 4562 ceteroque]
1173 4505 1277 4558 exterra,
1288 4498 1320 4551 0.
1332 4499 1366 4549 D.
1378 4499 1407 4550 F.
1416 4499 1449 4550 G.

392 4579 421 4628 Ε.
436 4579 467 4629 G.
975 4577 986 4608 ⁹
1004 4575 1136 4641 adierunt]
1157 4575 1269 4638 adibant,
1288 4578 1319 4628 Ε.
1338 4579 1388 4636 G.;
1405 4581 1450 4629 nd·

426 4657 436 4688 ⁸
453 4655 534 4721 repis]
555 4669 621 4704 auno
631 4653 727 4703 seilicet
739 4651 841 4703 Domini
853 4656 898 4703 ins.
942 4656 1080 4714 herebant,
1091 4655 1125 4705 A.
1138 4655 1169 4704 Β.
1181 4654 1210 4706 C.
1224 4657 1257 4707 D.

393 4737 427 4786 A.
439 4757 445 4795 ;
464 4733 506 4798 qui
518 4741 556 4784 est
568 4747 648 4782 annus
660 4729 801 4781 Dominiocc
818 4731 899 4782 inccr-
976 4732 996 4764 ¹⁰
1014 4731 1089 4798 Heli]
1110 4733 1169 4798 uly,
1180 4735 1215 4783 A.

392 4811 819 4864 mmmmRQDRRQ
