3454 5816
383 848 448 910 424
645 863 745 914 ulvas
768 865 812 913 or
834 865 904 914 rur
926 864 1169 916 sncnursnors

215 1061 279 1110 from
290 1061 362 1140 reru
385 1051 480 1128 rium,
504 1051 648 1135 synodos
679 1055 714 1116 e't
737 1052 990 1117 convocationes
1014 1051 1189 1117 transtulit
1214 1051 1257 1117 ab
1288 1049 1434 1116 Eboraeo

214 1127 489 1237 mBeverley‘usque
511 1150 735 1232 Beverlacum,
758 1149 805 1217 et¹
827 1149 875 1216 ibi
910 1156 1005 1218 tenta
1036 1153 1172 1219 fuerunt
1202 1173 1262 1239 per
1293 1156 1434 1237 quatuor

385 1276 488 1319 annos
511 1259 591 1320 tunc
613 1253 763 1339 proxime
784 1259 967 1340 sequentes.

218 1378 347 1444 uirgreat
431 1354 544 1420 Plures
580 1355 797 1420 absorbitates
820 1359 855 1420 et
885 1355 1024 1439 injurias
1046 1353 1099 1420 his
1132 1355 1229 1441 longe
1259 1355 1433 1442 graviores,

218 1445 337 1510 severity
386 1457 481 1522 velut
528 1455 751 1542 suspensionis
788 1461 823 1522 et
867 1456 1216 1522 excommunicationis
1240 1455 1433 1536 ‚enuntias

217 1511 366 1562 andhersh-
756 1557 763 1572 ,
939 1559 946 1573 ·
1251 1559 1258 1573 ι
1349 1557 1356 1572 .
1394 1545 1396 1551 .

216 1595 282 1629 riser.
388 1558 603 1636 fulminande,
626 1579 664 1624 ac
685 1579 807 1644 saepius
821 1557 865 1624 ad
880 1563 1023 1623 vetitum
1046 1579 1185 1623 examen
1214 1579 1324 1622 rnrnus
1342 1562 1433 1641 Juste

386 1661 556 1742 trahendo,
580 1661 703 1726 decano
726 1665 761 1725 et
783 1659 930 1746 capitulo
953 1665 988 1725 et
1010 1660 1085 1725 aliis
1107 1660 1268 1725 ministris
1291 1659 1432 1726 ecelesiae

384 1784 453 1828 suae
487 1761 684 1828 cathedralis
715 1762 974 1847 metropoliticae,
997 1768 1098 1848 atque
1136 1763 1177 1826 iis
1209 1761 1326 1826 intulit
1358 1783 1431 1827 cuni

383 1865 498 1950 rigore.
546 1863 631 1929 Cum
665 1865 770 1950 igitur
803 1865 845 1929 de
878 1869 975 1929 tanta
1008 1863 1171 1929 discordia
1201 1863 1290 1928 inter
1324 1863 1432 1948 ipsum

383 1969 662 2055 arehiepiscopum
696 1975 731 2034 et
762 1969 912 2034 subditos
946 1989 1022 2033 suos
1052 1974 1176 2046 exorta
1198 1968 1354 2053 aequasi
1376 1990 1434 2053 per

384 2071 581 2136 decennium
620 2070 823 2147 continuata,
847 2069 940 2134 tam²
961 2069 998 2134 in
1021 2071 1114 2135 curia
1147 2069 1297 2135 Romans
1334 2091 1433 2154 quam

242 2221 245 2226 .
384 2172 475 2249 citra,
499 2173 591 2236 etin
614 2172 727 2236 eadem
752 2171 843 2236 curia
865 2175 980 2236 eontra
1002 2175 1130 2256 partem
1153 2191 1247 2235 suam
1270 2171 1433 2236 sententia

216 2289 313 2340 Atlast
385 2272 564 2338 diffinitiva
609 2271 837 2358 judicialiter³
877 2272 954 2349 lata,
1001 2271 1083 2338 adeo
1120 2272 1226 2336 crevit
1262 2270 1435 2337 molestia⁴

217 2355 372 2485 ffssssssssll·
385 2375 479 2460 quasi
511 2395 569 2460 per
604 2378 712 2438 toturn
747 2394 885 2459 regnum
919 2373 1058 2458 Angliae‚
1082 2372 1170 2457 quod
1200 2372 1353 2437 dominus
1374 2393 1433 2438 rex

216 2489 275 2538 rim.
385 2475 569 2541 Richardus
593 2475 773 2552 Secundus,
798 2495 886 2540 anno
904 2473 1040 2539 Domini
1064 2473 1432 2550 ucecnxxxv1.,arehi-

383 2579 590 2664 episcopatus
613 2575 808 2662 temporalia
841 2575 903 2640 sub
936 2575 1095 2661 regimine
1120 2595 1179 2640 suo
1201 2575 1373 2662 disposuit,
1396 2597 1433 2640 ac

384 2665 495 2744 omnia
518 2680 605 2764 bona
627 2677 709 2742 dicti
732 2676 976 2762 archipraesulis
999 2675 1199 2741 confiscavit

217 2808 290 2858 uere
428 2781 576 2876 Tandem
599 2779 862 2864 archiepiscopus
885 2777 928 2842 ad
951 2777 1207 2864 parliamentum
1237 2784 1373 2845 vocatus
1396 2779 1432 2842 in

216 2875 345 2926 canister.
384 2884 524 2950 exilium
547 2882 758 2968 adjudicatus
792 2886 852 2958 est,
884 2901 972 2946 anno
995 2879 1132 2945 Domini
1166 2896 1433 2949 Mccouxxxvm.

385 2986 458 3065 Quo
475 2985 625 3070 partibus
650 2984 686 3047 in
716 2982 854 3047 marinis
880 2981 1054 3058 existente,
1081 2981 1118 3044 in
1140 2981 1289 3060 Brabnn’,
1314 2983 1435 3048 Roma·

131 3107 137 3116 ·
217 3111 362 3162 Urbenvl.
384 3109 447 3151 nus
470 3085 623 3171 pontifex
656 3085 814 3150 Urbanus
852 3083 978 3150 Sextus
1008 3104 1029 3148 a
1060 3083 1137 3148 sede
1166 3083 1433 3175 archiepiscopali

215 3192 329 3227 removes
385 3189 583 3252 Eboraeensi
621 3187 664 3251 ad
707 3187 817 3250 sedem
859 3183 1077 3272 episcopalem
1121 3183 1236 3251 Sancti
1288 3187 1430 3252 Andreae

215 3241 345 3293 himlrom
420 3287 423 3292 .
533 3289 539 3303 ,
1021 3287 1027 3301 ,
1121 3287 1165 3302 ,,
1238 3287 1245 3302 ,

216 3309 321 3359 ueruto
334 3311 370 3360 st.
385 3291 421 3354 in
452 3289 565 3361 Sectis
598 3290 711 3353 eodem
749 3309 837 3354 anno
873 3287 1064 3353 transtulit:
1095 3287 1312 3354 nihilominus
1345 3289 1432 3374 apud

216 3375 356 3428 Andrew’e.
385 3391 542 3458 Lowain⁵
585 3391 621 3455 in
654 3391 839 3456 Brabancia
877 3391 971 3476 quasi
1008 3411 1068 3476 per
1104 3395 1172 3456 tres
1213 3411 1317 3456 annos
1356 3397 1433 3456 ante

325 3491 328 3496 “
385 3499 525 3560 mortem
548 3515 642 3557 suam
665 3493 771 3557 fertur
793 3514 828 3557 se
851 3492 1064 3570 ministrasse,
1079 3496 1240 3577 unquam
1262 3493 1435 3579 presbyter

216 3623 316 3674 nieset
385 3595 590 3682 paroehialis.
637 3594 732 3659 Obiit
753 3593 877 3658 ibidem
901 3594 981 3659 xvi⁰.
1004 3593 1058 3658 (lie
1082 3593 1172 3672 Maii,
1196 3615 1283 3660 anno
1299 3595 1433 3660 Domini

215 3689 353 3742 Murrius.
387 3713 500 3762 mccc.
533 3696 746 3781 nonagesimo
768 3695 922 3772 secunde,
944 3715 1033 3760 anno
1056 3696 1174 3780 quinto
1197 3695 1351 3761 exulatus
1373 3698 1434 3776 sui,

384 3804 420 3864 et
455 3800 492 3862 in
524 3797 660 3863 eeclesia
684 3797 839 3861 Fratrum
871 3795 1126 3862 Oarmelitarum
1163 3797 1287 3862 ibidem
1319 3819 1433 3884 corpus

384 3902 454 3988 ejus
476 3901 651 3966 humatum
674 3899 856 3984 requiescit.

216 4029 365 4093 Apreeious
430 4004 483 4069 Ex
516 4004 588 4090 ejus
622 4003 708 4068 dono
739 4006 790 4067 est
820 4001 857 4066 in
888 3999 1022 4066 ecelesia
1056 4000 1252 4066 Eboraeensi
1283 4001 1434 4086 quaedam

215 4096 367 4213 fflffign
386 4127 467 4192 capa
489 4104 735 4191 pretiosissima,
758 4123 839 4168 auro
869 4106 904 4167 et
937 4101 1104 4187 lapidibus
1136 4102 1436 4187 incomparabiliter

216 4178 296 4278 ibri.
333 4287 336 4296 ,
386 4213 511 4285 ornata,
546 4205 668 4293 quam6
699 4211 847 4292 tempore
881 4205 1119 4290 prosperitatis,
1157 4210 1258 4290 prout
1294 4205 1436 4290 quilibet

386 4309 648 4395 archiepiscopus
671 4307 887 4374 Eboraosnsis
907 4306 1008 4392 juxta
1030 4305 1177 4392 praefatae
1193 4305 1339 4372 ecclesiae
1360 4327 1438 4372 oon·

418 4531 426 4564 ¹
446 4529 483 4596 et]
505 4545 554 4580 om.
565 4531 602 4582 Η.
967 4527 978 4558 ⁴
994 4525 1122 4592 molestia]
1138 4527 1174 4576 Η.
1190 4527 1435 4588 inosterestis,'l'cxt

418 4609 510 4676 ²terrra]
531 4625 581 4659 om.
593 4609 627 4659 H.
966 4605 976 4638 ⁶
997 4603 1117 4672 louein]
1139 4605 1243 4666 Lowau,
1255 4607 1290 4658 H.

419 4687 429 4720 ³
446 4684 884 4754 dffnirivujudieicliier]delinita,
968 4681 979 4715 ⁶
996 4681 1082 4749 ouum]
1103 4681 1254 4747 qus,'1¹exi.

386 4769 417 4819 Β.
430 4767 464 4817 Η.
