<?xml version="1.0" encoding="UTF-8"?>
<!DOCTYPE html PUBLIC "-//W3C//DTD XHTML 1.0 Transitional//EN"
    "http://www.w3.org/TR/xhtml1/DTD/xhtml1-transitional.dtd">
<html xmlns="http://www.w3.org/1999/xhtml" xml:lang="en" lang="en">
 <head>
  <title>
</title>
<meta http-equiv="Content-Type" content="text/html;charset=utf-8" />
  <meta name='ocr-system' content='tesseract 3.04.00' />
  <meta name='ocr-capabilities' content='ocr_page ocr_carea ocr_par ocr_line ocrx_word'/>
</head>
<body>
  <div class='ocr_page' id='page_1' title='image "./historianschurc00raingoog/historianschurc00raingoog_0389.png"; bbox 0 0 3530 5790; ppageno 0'>
   <div class='ocr_carea' id='block_1_1' title="bbox 646 893 1384 960">
    <p class='ocr_par' dir='ltr' id='par_1_1' title="bbox 646 893 1384 960">
     <span class='ocr_line' id='line_1_1' title="bbox 646 893 1384 960; baseline 0.004 -3"><span class='ocrx_word' id='word_1_1' title='bbox 646 909 884 958; x_wconf 76' lang='lat' dir='ltr'><em>sucnersnors</em></span> <span class='ocrx_word' id='word_1_2' title='bbox 907 910 951 956; x_wconf 84' lang='lat' dir='ltr'><em>or</em></span> <span class='ocrx_word' id='word_1_3' title='bbox 974 907 1078 957; x_wconf 77' lang='lat' dir='ltr'><em>roes.</em></span> <span class='ocrx_word' id='word_1_4' title='bbox 1319 893 1384 960; x_wconf 70' lang='lat'><em>347</em></span> 
     </span>
    </p>
   </div>
   <div class='ocr_carea' id='block_1_2' title="bbox 329 1095 1554 4346">
    <p class='ocr_par' dir='ltr' id='par_1_2' title="bbox 331 1095 1540 1388">
     <span class='ocr_line' id='line_1_2' title="bbox 331 1095 1528 1183; baseline -0.004 -23"><span class='ocrx_word' id='word_1_5' title='bbox 331 1118 391 1182; x_wconf 92' lang='lat' dir='ltr'><em>pro</em></span> <span class='ocrx_word' id='word_1_6' title='bbox 425 1119 462 1162; x_wconf 89' lang='lat' dir='ltr'><em>eo</em></span> <span class='ocrx_word' id='word_1_7' title='bbox 497 1103 658 1174; x_wconf 82' lang='lat' dir='ltr'><em>exoratus,</em></span> <span class='ocrx_word' id='word_1_8' title='bbox 690 1103 725 1161; x_wconf 83' lang='lat' dir='ltr'><em>et</em></span> <span class='ocrx_word' id='word_1_9' title='bbox 757 1096 1073 1182; x_wconf 81' lang='lat' dir='ltr'><em>archiepiscopatum</em></span> <span class='ocrx_word' id='word_1_10' title='bbox 1106 1097 1137 1160; x_wconf 88' lang='lat' dir='ltr'><em>ei</em></span> <span class='ocrx_word' id='word_1_11' title='bbox 1172 1097 1250 1160; x_wconf 80' lang='lat' dir='ltr'><em>dato</em></span> <span class='ocrx_word' id='word_1_12' title='bbox 1283 1095 1384 1183; x_wconf 81' lang='lat' dir='ltr'><em>pullio</em></span> <span class='ocrx_word' id='word_1_13' title='bbox 1397 1105 1528 1169; x_wconf 63' lang='lat' dir='ltr'><em>pilisini</em></span> 
     </span>
     <span class='ocr_line' id='line_1_3' title="bbox 331 1171 1540 1303; baseline 0 -41"><span class='ocrx_word' id='word_1_14' title='bbox 331 1199 548 1274; x_wconf 81' lang='lat' dir='ltr'><em>confirmavit,</em></span> <span class='ocrx_word' id='word_1_15' title='bbox 572 1202 606 1263; x_wconf 81' lang='lat' dir='ltr'><em>et</em></span> <span class='ocrx_word' id='word_1_16' title='bbox 628 1197 804 1263; x_wconf 76' lang='lat' dir='ltr'><em>ordinandi</em></span> <span class='ocrx_word' id='word_1_17' title='bbox 828 1219 886 1283; x_wconf 90' lang='lat' dir='ltr'><em>pro</em></span> <span class='ocrx_word' id='word_1_18' title='bbox 910 1220 944 1262; x_wconf 90' lang='lat' dir='ltr'><em>se</em></span> <span class='ocrx_word' id='word_1_19' title='bbox 979 1198 1121 1262; x_wconf 77' lang='lat' dir='ltr'><em>alterum</em></span> <span class='ocrx_word' id='word_1_20' title='bbox 1153 1198 1196 1262; x_wconf 85' lang='lat' dir='ltr'><em>sd</em></span> <span class='ocrx_word' id='word_1_21' title='bbox 1219 1175 1498 1303; x_wconf 51' lang='lat' dir='ltr'><em>episcope-{1¹etter</em></span> <span class='ocrx_word' id='word_1_22' title='bbox 1509 1171 1540 1223; x_wconf 80' lang='lat' dir='ltr'><em>of</em></span> 
     </span>
     <span class='ocr_line' id='line_1_4' title="bbox 332 1299 1384 1388; baseline -0.002 -23"><span class='ocrx_word' id='word_1_23' title='bbox 332 1307 405 1366; x_wconf 77' lang='lat' dir='ltr'><em>tum</em></span> <span class='ocrx_word' id='word_1_24' title='bbox 444 1301 693 1388; x_wconf 83' lang='lat' dir='ltr'>wigornensem</span> <span class='ocrx_word' id='word_1_25' title='bbox 732 1305 932 1386; x_wconf 76' lang='lat' dir='ltr'><em>potestatem</em></span> <span class='ocrx_word' id='word_1_26' title='bbox 969 1301 1070 1374; x_wconf 82' lang='lat' dir='ltr'><em>dedit,</em></span> <span class='ocrx_word' id='word_1_27' title='bbox 1105 1306 1139 1365; x_wconf 81' lang='lat' dir='ltr'><em>et</em></span> <span class='ocrx_word' id='word_1_28' title='bbox 1176 1299 1238 1366; x_wconf 90' lang='lat' dir='ltr'><em>hoc</em></span> <span class='ocrx_word' id='word_1_29' title='bbox 1276 1306 1384 1366; x_wconf 80' lang='lat' dir='ltr'><em>totum</em></span> 
     </span>
    </p>

    <p class='ocr_par' dir='ltr' id='par_1_3' title="bbox 331 1401 1146 1488">
     <span class='ocr_line' id='line_1_5' title="bbox 331 1401 1146 1488; baseline 0 -22"><span class='ocrx_word' id='word_1_30' title='bbox 331 1403 504 1488; x_wconf 81' lang='lat' dir='ltr'><em>privilegio</em></span> <span class='ocrx_word' id='word_1_31' title='bbox 528 1403 558 1468; x_wconf 89' lang='lat' dir='ltr'><em>ei</em></span> <span class='ocrx_word' id='word_1_32' title='bbox 582 1402 798 1480; x_wconf 80' lang='lat' dir='ltr'><em>confirmavit,</em></span> <span class='ocrx_word' id='word_1_33' title='bbox 820 1401 929 1487; x_wconf 88' lang='lat' dir='ltr'><em>quod¹</em></span> <span class='ocrx_word' id='word_1_34' title='bbox 953 1403 1000 1467; x_wconf 90' lang='lat' dir='ltr'><em>sic</em></span> <span class='ocrx_word' id='word_1_35' title='bbox 1021 1402 1146 1488; x_wconf 83' lang='lat' dir='ltr'><em>incipit.</em></span> 
     </span>
    </p>

    <p class='ocr_par' dir='ltr' id='par_1_4' title="bbox 331 1503 1397 2103">
     <span class='ocr_line' id='line_1_6' title="bbox 376 1503 1385 1592; baseline -0.002 -22"><span class='ocrx_word' id='word_1_36' title='bbox 376 1503 564 1572; x_wconf 82' lang='lat' dir='ltr'><em>Niebotone</em></span> <span class='ocrx_word' id='word_1_37' title='bbox 596 1505 778 1592; x_wconf 81' lang='lat' dir='ltr'><em>episeopus,</em></span> <span class='ocrx_word' id='word_1_38' title='bbox 810 1526 925 1570; x_wconf 83' lang='lat' dir='ltr'><em>serens</em></span> <span class='ocrx_word' id='word_1_39' title='bbox 958 1525 1132 1572; x_wconf 77' lang='lat' dir='ltr'><em>servornm</em></span> <span class='ocrx_word' id='word_1_40' title='bbox 1160 1503 1233 1584; x_wconf 87' lang='lat' dir='ltr'><em>Dei,</em></span> <span class='ocrx_word' id='word_1_41' title='bbox 1267 1505 1385 1570; x_wconf 79' lang='lat' dir='ltr'><em>diiecto</em></span> 
     </span>
     <span class='ocr_line' id='line_1_7' title="bbox 331 1606 1385 1694; baseline 0 -22"><span class='ocrx_word' id='word_1_42' title='bbox 331 1606 502 1694; x_wconf 73' lang='lat' dir='ltr'><em>confr-etri</em></span> <span class='ocrx_word' id='word_1_43' title='bbox 523 1615 553 1672; x_wconf 86' lang='lat' dir='ltr'><em>et</em></span> <span class='ocrx_word' id='word_1_44' title='bbox 575 1607 771 1694; x_wconf 83' lang='lat' dir='ltr'><em>coepiscopo,</em></span> <span class='ocrx_word' id='word_1_45' title='bbox 794 1606 944 1673; x_wconf 72' lang='lat' dir='ltr'><em>Aletrecio</em></span> <span class='ocrx_word' id='word_1_46' title='bbox 978 1607 1183 1674; x_wconf 81' lang='lat' dir='ltr'><em>Eburnoenei</em></span> <span class='ocrx_word' id='word_1_47' title='bbox 1217 1607 1385 1694; x_wconf 79' lang='lat' dir='ltr'><em>archiepi-</em></span> 
     </span>
     <span class='ocr_line' id='line_1_8' title="bbox 331 1709 1385 1799; baseline 0 -23"><span class='ocrx_word' id='word_1_48' title='bbox 331 1733 433 1799; x_wconf 81' lang='lat' dir='ltr'><em>scopo,</em></span> <span class='ocrx_word' id='word_1_49' title='bbox 465 1711 667 1798; x_wconf 83' lang='lat' dir='ltr'><em>Apostoliece</em></span> <span class='ocrx_word' id='word_1_50' title='bbox 702 1710 944 1777; x_wconf 69' lang='lat' dir='ltr'><em>benedictionis</em></span> <span class='ocrx_word' id='word_1_51' title='bbox 971 1710 1201 1797; x_wconf 75' lang='lat' dir='ltr'><em>priuileyinrn</em></span> <span class='ocrx_word' id='word_1_52' title='bbox 1231 1717 1261 1776; x_wconf 89' lang='lat' dir='ltr'><em>et</em></span> <span class='ocrx_word' id='word_1_53' title='bbox 1293 1709 1385 1776; x_wconf 84' lang='lat' dir='ltr'><em>euln-</em></span> 
     </span>
     <span class='ocr_line' id='line_1_9' title="bbox 332 1811 1386 1900; baseline -0.002 -21"><span class='ocrx_word' id='word_1_54' title='bbox 332 1819 406 1891; x_wconf 83' lang='lat' dir='ltr'><em>tern,</em></span> <span class='ocrx_word' id='word_1_55' title='bbox 439 1821 469 1880; x_wconf 91' lang='lat' dir='ltr'><em>et</em></span> <span class='ocrx_word' id='word_1_56' title='bbox 495 1837 559 1900; x_wconf 79' lang='lat' dir='ltr'><em>per</em></span> <span class='ocrx_word' id='word_1_57' title='bbox 582 1836 661 1880; x_wconf 87' lang='lat' dir='ltr'><em>enrn</em></span> <span class='ocrx_word' id='word_1_58' title='bbox 697 1835 768 1880; x_wconf 84' lang='lat' dir='ltr'><em>snoe</em></span> <span class='ocrx_word' id='word_1_59' title='bbox 802 1813 941 1880; x_wconf 73' lang='lat' dir='ltr'><em>eodesioe</em></span> <span class='ocrx_word' id='word_1_60' title='bbox 972 1812 1112 1900; x_wconf 79' lang='lat' dir='ltr'><em>snisqne</em></span> <span class='ocrx_word' id='word_1_61' title='bbox 1145 1811 1386 1880; x_wconf 77' lang='lat' dir='ltr'><em>nwcessoribns</em></span> 
     </span>
     <span class='ocr_line' id='line_1_10' title="bbox 331 1914 1386 2002; baseline -0.002 -21"><span class='ocrx_word' id='word_1_62' title='bbox 331 1915 493 1982; x_wconf 83' lang='lat' dir='ltr'><em>cononice</em></span> <span class='ocrx_word' id='word_1_63' title='bbox 525 1914 764 2002; x_wconf 72' lang='lat' dir='ltr'><em>promoveritis</em></span> <span class='ocrx_word' id='word_1_64' title='bbox 797 1914 1057 2001; x_wconf 80' lang='lat' dir='ltr'><em>imperpetuum.</em></span> <span class='ocrx_word' id='word_1_65' title='bbox 1122 1915 1214 1996; x_wconf 73' lang='lat' dir='ltr'><em>Quin</em></span> <span class='ocrx_word' id='word_1_66' title='bbox 1243 1915 1386 1981; x_wconf 80' lang='lat' dir='ltr'><em>Divini-</em></span> 
     </span>
     <span class='ocr_line' id='line_1_11' title="bbox 331 2016 1397 2103; baseline -0.002 -22"><span class='ocrx_word' id='word_1_67' title='bbox 331 2017 413 2084; x_wconf 84' lang='lat' dir='ltr'><em>tete&#39;s</em></span> <span class='ocrx_word' id='word_1_68' title='bbox 435 2017 565 2083; x_wconf 84' lang='lat' dir='ltr'><em>occulte</em></span> <span class='ocrx_word' id='word_1_69' title='bbox 587 2016 808 2103; x_wconf 81' lang='lat' dir='ltr'><em>dispensatio,</em></span> <span class='ocrx_word' id='word_1_70' title='bbox 830 2023 884 2082; x_wconf 86' lang='lat' dir='ltr'><em>etc.</em></span> <span class='ocrx_word' id='word_1_71' title='bbox 1395 2087 1397 2092; x_wconf 21' lang='lat'><strong><em>¹</em></strong></span> 
     </span>
    </p>

    <p class='ocr_par' dir='ltr' id='par_1_5' title="bbox 329 2116 1553 3622">
     <span class='ocr_line' id='line_1_12' title="bbox 375 2116 1385 2205; baseline -0.001 -22"><span class='ocrx_word' id='word_1_72' title='bbox 375 2118 520 2204; x_wconf 76' lang='lat' dir='ltr'><em>Accepto</em></span> <span class='ocrx_word' id='word_1_73' title='bbox 543 2119 657 2205; x_wconf 70' lang='lat' dir='ltr'><em>iisqne</em></span> <span class='ocrx_word' id='word_1_74' title='bbox 690 2117 792 2204; x_wconf 86' lang='lat' dir='ltr'><em>pellio</em></span> <span class='ocrx_word' id='word_1_75' title='bbox 824 2139 899 2183; x_wconf 90' lang='lat' dir='ltr'><em>cum</em></span> <span class='ocrx_word' id='word_1_76' title='bbox 931 2116 1105 2205; x_wconf 82' lang='lat' dir='ltr'><em>privilegio</em></span> <span class='ocrx_word' id='word_1_77' title='bbox 1127 2140 1289 2185; x_wconf 88' lang='lat' dir='ltr'><em>reversus</em></span> <span class='ocrx_word' id='word_1_78' title='bbox 1313 2117 1385 2182; x_wconf 88' lang='lat' dir='ltr'><em>Bri·</em></span> 
     </span>
     <span class='ocr_line' id='line_1_13' title="bbox 331 2220 1385 2306; baseline -0.002 -20"><span class='ocrx_word' id='word_1_79' title='bbox 331 2222 483 2286; x_wconf 75' lang='lat' dir='ltr'><em>tanniam</em></span> <span class='ocrx_word' id='word_1_80' title='bbox 518 2220 716 2286; x_wconf 78' lang='lat' dir='ltr'><em>festinanter</em></span> <span class='ocrx_word' id='word_1_81' title='bbox 748 2220 792 2284; x_wconf 83' lang='lat' dir='ltr'><em>cd</em></span> <span class='ocrx_word' id='word_1_82' title='bbox 823 2241 933 2306; x_wconf 85' lang='lat' dir='ltr'><em>regem</em></span> <span class='ocrx_word' id='word_1_83' title='bbox 965 2221 1068 2296; x_wconf 81' lang='lat' dir='ltr'><em>venii,</em></span> <span class='ocrx_word' id='word_1_84' title='bbox 1101 2225 1135 2286; x_wconf 84' lang='lat' dir='ltr'><em>et</em></span> <span class='ocrx_word' id='word_1_85' title='bbox 1157 2220 1385 2306; x_wconf 79' lang='lat' dir='ltr'><em>Apostolieum</em></span> 
     </span>
     <span class='ocr_line' id='line_1_14' title="bbox 332 2313 1498 2410; baseline 0.002 -22"><span class='ocrx_word' id='word_1_86' title='bbox 332 2324 362 2388; x_wconf 89' lang='lat' dir='ltr'><em>ei</em></span> <span class='ocrx_word' id='word_1_87' title='bbox 394 2323 605 2410; x_wconf 85' lang='lat' dir='ltr'><em>privilegium</em></span> <span class='ocrx_word' id='word_1_88' title='bbox 638 2345 746 2388; x_wconf 82' lang='lat' dir='ltr'><em>eorem</em></span> <span class='ocrx_word' id='word_1_89' title='bbox 779 2313 996 2408; x_wconf 82' lang='lat' dir='ltr'><em>opiimetibus</em></span> <span class='ocrx_word' id='word_1_90' title='bbox 1028 2325 1120 2410; x_wconf 84' lang='lat' dir='ltr'><em>regni</em></span> <span class='ocrx_word' id='word_1_91' title='bbox 1153 2323 1242 2410; x_wconf 81' lang='lat' dir='ltr'><em>legit.</em></span> <span class='ocrx_word' id='word_1_92' title='bbox 1305 2325 1386 2388; x_wconf 78' lang='lat' dir='ltr'><em>Erat</em></span> <span class='ocrx_word' id='word_1_93' title='bbox 1400 2339 1498 2390; x_wconf 73' lang='lat' dir='ltr'><em>nidred</em></span> 
     </span>
     <span class='ocr_line' id='line_1_15' title="bbox 331 2403 1553 2522; baseline -0.001 -32"><span class='ocrx_word' id='word_1_94' title='bbox 331 2430 443 2491; x_wconf 83' lang='lat' dir='ltr'><em>cutem</em></span> <span class='ocrx_word' id='word_1_95' title='bbox 467 2427 537 2511; x_wconf 89' lang='lat' dir='ltr'><em>ipse</em></span> <span class='ocrx_word' id='word_1_96' title='bbox 572 2425 834 2510; x_wconf 79' lang='lat' dir='ltr'><em>archiepiscopus</em></span> <span class='ocrx_word' id='word_1_97' title='bbox 857 2424 1022 2489; x_wconf 88' lang='lat' dir='ltr'><em>Aldredus</em></span> <span class='ocrx_word' id='word_1_98' title='bbox 1054 2432 1189 2512; x_wconf 83' lang='lat' dir='ltr'><em>propter</em></span> <span class='ocrx_word' id='word_1_99' title='bbox 1222 2425 1384 2490; x_wconf 82' lang='lat' dir='ltr'><em>multifor-</em></span> <span class='ocrx_word' id='word_1_100' title='bbox 1397 2403 1553 2522; x_wconf 62' lang='lat' dir='ltr'><em>iiiiiiiwin</em></span> 
     </span>
     <span class='ocr_line' id='line_1_16' title="bbox 332 2525 1506 2612; baseline -0.003 -22"><span class='ocrx_word' id='word_1_101' title='bbox 332 2549 418 2592; x_wconf 91' lang='lat' dir='ltr'><em>mem</em></span> <span class='ocrx_word' id='word_1_102' title='bbox 443 2550 464 2592; x_wconf 80' lang='lat' dir='ltr'>a</span> <span class='ocrx_word' id='word_1_103' title='bbox 486 2527 557 2592; x_wconf 91' lang='lat' dir='ltr'><em>Deo</em></span> <span class='ocrx_word' id='word_1_104' title='bbox 581 2527 644 2591; x_wconf 84' lang='lat' dir='ltr'><em>sibi</em></span> <span class='ocrx_word' id='word_1_105' title='bbox 677 2525 831 2592; x_wconf 77' lang='lat' dir='ltr'><em>collatum</em></span> <span class='ocrx_word' id='word_1_106' title='bbox 862 2527 1005 2612; x_wconf 76' lang='lat' dir='ltr'><em>gratiam</em></span> <span class='ocrx_word' id='word_1_107' title='bbox 1038 2528 1200 2612; x_wconf 73' lang='lat' dir='ltr'><em>pretiosus</em></span> <span class='ocrx_word' id='word_1_108' title='bbox 1224 2529 1260 2591; x_wconf 92' lang='lat' dir='ltr'><em>in</em></span> <span class='ocrx_word' id='word_1_109' title='bbox 1282 2528 1384 2592; x_wconf 86' lang='lat' dir='ltr'><em>oeulis</em></span> <span class='ocrx_word' id='word_1_110' title='bbox 1397 2539 1506 2588; x_wconf 69' lang='lat' dir='ltr'><em>novare</em></span> 
     </span>
     <span class='ocr_line' id='line_1_17' title="bbox 332 2605 1522 2720; baseline 0.002 -29"><span class='ocrx_word' id='word_1_111' title='bbox 332 2627 489 2693; x_wconf 75' lang='lat' dir='ltr'><em>Edwardi</em></span> <span class='ocrx_word' id='word_1_112' title='bbox 513 2630 607 2716; x_wconf 87' lang='lat' dir='ltr'><em>regis,</em></span> <span class='ocrx_word' id='word_1_113' title='bbox 632 2633 748 2714; x_wconf 82' lang='lat' dir='ltr'><em>utpote</em></span> <span class='ocrx_word' id='word_1_114' title='bbox 775 2629 832 2713; x_wconf 93' lang='lat' dir='ltr'><em>qui</em></span> <span class='ocrx_word' id='word_1_115' title='bbox 865 2629 900 2692; x_wconf 92' lang='lat' dir='ltr'><em>in</em></span> <span class='ocrx_word' id='word_1_116' title='bbox 934 2629 1087 2694; x_wconf 88' lang='lat' dir='ltr'><em>omnibus</em></span> <span class='ocrx_word' id='word_1_117' title='bbox 1110 2630 1209 2716; x_wconf 83' lang='lat' dir='ltr'><em>regiae</em></span> <span class='ocrx_word' id='word_1_118' title='bbox 1231 2629 1385 2715; x_wconf 80' lang='lat' dir='ltr'><em>majeste—</em></span> <span class='ocrx_word' id='word_1_119' title='bbox 1398 2605 1522 2720; x_wconf 49' lang='grc' dir='ltr'><em>ᾗξξδοῖω·</em></span> 
     </span>
     <span class='ocr_line' id='line_1_18' title="bbox 330 2729 1387 2817; baseline 0 -23"><span class='ocrx_word' id='word_1_120' title='bbox 330 2731 375 2794; x_wconf 78' lang='lat' dir='ltr'><em>cis</em></span> <span class='ocrx_word' id='word_1_121' title='bbox 397 2731 534 2817; x_wconf 79' lang='lat' dir='ltr'><em>agendis</em></span> <span class='ocrx_word' id='word_1_122' title='bbox 558 2736 674 2817; x_wconf 82' lang='lat' dir='ltr'><em>potens</em></span> <span class='ocrx_word' id='word_1_123' title='bbox 697 2735 769 2795; x_wconf 76' lang='lat' dir='ltr'><em>eret</em></span> <span class='ocrx_word' id='word_1_124' title='bbox 791 2729 944 2817; x_wconf 84' lang='lat' dir='ltr'><em>operibus</em></span> <span class='ocrx_word' id='word_1_125' title='bbox 966 2735 1002 2795; x_wconf 86' lang='lat' dir='ltr'><em>et</em></span> <span class='ocrx_word' id='word_1_126' title='bbox 1024 2731 1140 2795; x_wconf 90' lang='lat' dir='ltr'><em>verbis.</em></span> <span class='ocrx_word' id='word_1_127' title='bbox 1186 2731 1304 2816; x_wconf 76' lang='lat' dir='ltr'><em>Itaque</em></span> <span class='ocrx_word' id='word_1_128' title='bbox 1327 2753 1387 2796; x_wconf 88' lang='lat' dir='ltr'><em>rex</em></span> 
     </span>
     <span class='ocr_line' id='line_1_19' title="bbox 331 2831 1386 2918; baseline 0.003 -24"><span class='ocrx_word' id='word_1_129' title='bbox 331 2831 430 2896; x_wconf 81' lang='lat' dir='ltr'><em>hilari</em></span> <span class='ocrx_word' id='word_1_130' title='bbox 454 2837 564 2898; x_wconf 84' lang='lat' dir='ltr'><em>mente</em></span> <span class='ocrx_word' id='word_1_131' title='bbox 587 2831 787 2918; x_wconf 81' lang='lat' dir='ltr'><em>Apostolicis</em></span> <span class='ocrx_word' id='word_1_132' title='bbox 810 2831 1036 2898; x_wconf 75' lang='lat' dir='ltr'><em>sanctionibus</em></span> <span class='ocrx_word' id='word_1_133' title='bbox 1075 2831 1233 2909; x_wconf 83' lang='lat' dir='ltr'><em>obedivit,</em></span> <span class='ocrx_word' id='word_1_134' title='bbox 1256 2832 1386 2898; x_wconf 75' lang='lat' dir='ltr'><em>stetim·</em></span> 
     </span>
     <span class='ocr_line' id='line_1_20' title="bbox 331 2935 1386 3021; baseline 0.002 -23"><span class='ocrx_word' id='word_1_135' title='bbox 331 2955 394 3020; x_wconf 91' lang='lat' dir='ltr'><em>que</em></span> <span class='ocrx_word' id='word_1_136' title='bbox 437 2935 604 3012; x_wconf 80' lang='lat' dir='ltr'><em>comitum,</em></span> <span class='ocrx_word' id='word_1_137' title='bbox 637 2939 672 3000; x_wconf 79' lang='lat' dir='ltr'><em>ei</em></span> <span class='ocrx_word' id='word_1_138' title='bbox 709 2935 840 3011; x_wconf 89' lang='lat' dir='ltr'><em>ducum,</em></span> <span class='ocrx_word' id='word_1_139' title='bbox 873 2955 1107 3021; x_wconf 81' lang='lat' dir='ltr'><em>procerumque</em></span> <span class='ocrx_word' id='word_1_140' title='bbox 1139 2956 1272 3000; x_wconf 90' lang='lat' dir='ltr'><em>suorum</em></span> <span class='ocrx_word' id='word_1_141' title='bbox 1311 2956 1386 3000; x_wconf 87' lang='lat' dir='ltr'><em>oon·</em></span> 
     </span>
     <span class='ocr_line' id='line_1_21' title="bbox 330 3036 1386 3124; baseline 0.003 -24"><span class='ocrx_word' id='word_1_142' title='bbox 330 3036 404 3100; x_wconf 91' lang='lat' dir='ltr'><em>silio</em></span> <span class='ocrx_word' id='word_1_143' title='bbox 436 3037 529 3114; x_wconf 83' lang='lat' dir='ltr'><em>inito,</em></span> <span class='ocrx_word' id='word_1_144' title='bbox 560 3037 648 3122; x_wconf 87' lang='lat' dir='ltr'><em>quod</em></span> <span class='ocrx_word' id='word_1_145' title='bbox 679 3036 888 3122; x_wconf 83' lang='lat' dir='ltr'><em>Apostolicus</em></span> <span class='ocrx_word' id='word_1_146' title='bbox 919 3037 1093 3124; x_wconf 86' lang='lat' dir='ltr'><em>privilegio</em></span> <span class='ocrx_word' id='word_1_147' title='bbox 1126 3059 1185 3102; x_wconf 92' lang='lat' dir='ltr'><em>suo</em></span> <span class='ocrx_word' id='word_1_148' title='bbox 1222 3043 1386 3116; x_wconf 78' lang='lat' dir='ltr'><em>sanxerat,</em></span> 
     </span>
     <span class='ocr_line' id='line_1_22' title="bbox 330 3137 1387 3226; baseline 0.004 -26"><span class='ocrx_word' id='word_1_149' title='bbox 330 3137 400 3223; x_wconf 86' lang='lat' dir='ltr'><em>ipse</em></span> <span class='ocrx_word' id='word_1_150' title='bbox 423 3139 524 3204; x_wconf 84' lang='lat' dir='ltr'><em>etiem</em></span> <span class='ocrx_word' id='word_1_151' title='bbox 541 3161 600 3204; x_wconf 87' lang='lat' dir='ltr'><em>suo</em></span> <span class='ocrx_word' id='word_1_152' title='bbox 615 3138 790 3224; x_wconf 85' lang='lat' dir='ltr'><em>privilegio</em></span> <span class='ocrx_word' id='word_1_153' title='bbox 807 3139 998 3204; x_wconf 79' lang='lat' dir='ltr'><em>confirmare</em></span> <span class='ocrx_word' id='word_1_154' title='bbox 1014 3160 1081 3203; x_wconf 89' lang='lat' dir='ltr'><em>uon</em></span> <span class='ocrx_word' id='word_1_155' title='bbox 1104 3139 1243 3204; x_wconf 82' lang='lat' dir='ltr'><em>distulit.</em></span> <span class='ocrx_word' id='word_1_156' title='bbox 1283 3139 1387 3226; x_wconf 83' lang='lat' dir='ltr'><em>Cujus</em></span> 
     </span>
     <span class='ocr_line' id='line_1_23' title="bbox 329 3238 1387 3326; baseline 0.005 -23"><span class='ocrx_word' id='word_1_157' title='bbox 329 3240 496 3326; x_wconf 86' lang='lat' dir='ltr'><em>privilegii</em></span> <span class='ocrx_word' id='word_1_158' title='bbox 534 3238 624 3318; x_wconf 76' lang='lat' dir='ltr'><em>hoc²¹</em></span> <span class='ocrx_word' id='word_1_159' title='bbox 650 3241 786 3304; x_wconf 81' lang='lat' dir='ltr'><em>initium</em></span> <span class='ocrx_word' id='word_1_160' title='bbox 820 3247 888 3304; x_wconf 81' lang='lat' dir='ltr'><em>est:</em></span> <span class='ocrx_word' id='word_1_161' title='bbox 922 3240 1000 3305; x_wconf 87' lang='lat' dir='ltr'><em>“In</em></span> <span class='ocrx_word' id='word_1_162' title='bbox 1032 3241 1173 3306; x_wconf 76' lang='lat' dir='ltr'><em>rsornine</em></span> <span class='ocrx_word' id='word_1_163' title='bbox 1196 3241 1327 3307; x_wconf 81' lang='lat' dir='ltr'><em>Senetce</em></span> <span class='ocrx_word' id='word_1_164' title='bbox 1358 3249 1387 3307; x_wconf 86' lang='lat' dir='ltr'><em>et</em></span> 
     </span>
     <span class='ocr_line' id='line_1_24' title="bbox 330 3341 1387 3430; baseline 0.002 -24"><span class='ocrx_word' id='word_1_165' title='bbox 330 3351 346 3375; x_wconf 91' lang='lat'>“</span> <span class='ocrx_word' id='word_1_166' title='bbox 370 3341 567 3408; x_wconf 79' lang='lat' dir='ltr'><em>individnoe</em></span> <span class='ocrx_word' id='word_1_167' title='bbox 593 3341 787 3420; x_wconf 74' lang='lat' dir='ltr'><em>Trinitatis,</em></span> <span class='ocrx_word' id='word_1_168' title='bbox 810 3365 866 3427; x_wconf 69' lang='lat' dir='ltr'><em>epo</em></span> <span class='ocrx_word' id='word_1_169' title='bbox 889 3342 1093 3420; x_wconf 70' lang='lat' dir='ltr'><em>Edwardns,</em></span> <span class='ocrx_word' id='word_1_170' title='bbox 1115 3343 1249 3410; x_wconf 82' lang='lat' dir='ltr'><em>Divino</em></span> <span class='ocrx_word' id='word_1_171' title='bbox 1269 3343 1387 3430; x_wconf 71' lang='lat' dir='ltr'><em>pratia</em></span> 
     </span>
     <span class='ocr_line' id='line_1_25' title="bbox 330 3442 1387 3533; baseline 0.003 -24"><span class='ocrx_word' id='word_1_172' title='bbox 330 3451 347 3475; x_wconf 90' lang='lat'><strong>“</strong></span> <span class='ocrx_word' id='word_1_173' title='bbox 370 3442 534 3527; x_wconf 73' lang='lat' dir='ltr'><em>inspiente</em></span> <span class='ocrx_word' id='word_1_174' title='bbox 565 3442 762 3529; x_wconf 74' lang='lat' dir='ltr'><em>Anplornnc</em></span> <span class='ocrx_word' id='word_1_175' title='bbox 792 3465 859 3521; x_wconf 79' lang='lat' dir='ltr'><em>ren,</em></span> <span class='ocrx_word' id='word_1_176' title='bbox 891 3451 944 3510; x_wconf 84' lang='lat' dir='ltr'><em>etc.</em></span> <span class='ocrx_word' id='word_1_177' title='bbox 1023 3443 1197 3524; x_wconf 65' lang='lat' dir='ltr'><em>aninrn</em></span> <span class='ocrx_word' id='word_1_178' title='bbox 1233 3445 1387 3533; x_wconf 77' lang='lat' dir='ltr'><em>reiipiosi</em></span> 
     </span>
     <span class='ocr_line' id='line_1_26' title="bbox 330 3545 819 3622; baseline 0 -12"><span class='ocrx_word' id='word_1_179' title='bbox 330 3553 347 3578; x_wconf 87' lang='lat'><strong><em>“</em></strong></span> <span class='ocrx_word' id='word_1_180' title='bbox 370 3552 584 3612; x_wconf 76' lang='lat' dir='ltr'><em>antecessores</em></span> <span class='ocrx_word' id='word_1_181' title='bbox 606 3545 724 3622; x_wconf 84' lang='lat' dir='ltr'><em>nostri,</em></span> <span class='ocrx_word' id='word_1_182' title='bbox 747 3545 819 3610; x_wconf 87' lang='lat' dir='ltr'><em>etc.”</em></span> 
     </span>
    </p>

    <p class='ocr_par' dir='ltr' id='par_1_6' title="bbox 329 3647 1554 4346">
     <span class='ocr_line' id='line_1_27' title="bbox 375 3647 1510 3734; baseline 0 -23"><span class='ocrx_word' id='word_1_183' title='bbox 375 3647 447 3712; x_wconf 89' lang='lat' dir='ltr'><em>Nee</em></span> <span class='ocrx_word' id='word_1_184' title='bbox 469 3647 575 3712; x_wconf 82' lang='lat' dir='ltr'><em>multo</em></span> <span class='ocrx_word' id='word_1_185' title='bbox 608 3653 685 3733; x_wconf 82' lang='lat' dir='ltr'><em>post</em></span> <span class='ocrx_word' id='word_1_186' title='bbox 722 3648 793 3732; x_wconf 87' lang='lat' dir='ltr'><em>ipse</em></span> <span class='ocrx_word' id='word_1_187' title='bbox 824 3647 1087 3734; x_wconf 82' lang='lat' dir='ltr'><em>archiepiscopus</em></span> <span class='ocrx_word' id='word_1_188' title='bbox 1109 3647 1276 3728; x_wconf 57' lang='lat' dir='ltr'><em>elredus?</em></span> <span class='ocrx_word' id='word_1_189' title='bbox 1297 3671 1510 3722; x_wconf 79' lang='lat' dir='ltr'><em>asso-Heeon.</em></span> 
     </span>
     <span class='ocr_line' id='line_1_28' title="bbox 329 3747 1503 3855; baseline 0.003 -41"><span class='ocrx_word' id='word_1_190' title='bbox 329 3750 424 3814; x_wconf 84' lang='lat' dir='ltr'><em>cistis</em></span> <span class='ocrx_word' id='word_1_191' title='bbox 456 3749 520 3814; x_wconf 91' lang='lat' dir='ltr'><em>sibi</em></span> <span class='ocrx_word' id='word_1_192' title='bbox 554 3749 706 3835; x_wconf 90' lang='lat' dir='ltr'><em>plurimis</em></span> <span class='ocrx_word' id='word_1_193' title='bbox 741 3747 947 3835; x_wconf 86' lang='lat' dir='ltr'><em>coepiscopis,</em></span> <span class='ocrx_word' id='word_1_194' title='bbox 982 3753 1145 3834; x_wconf 76' lang='lat' dir='ltr'><em>praesente</em></span> <span class='ocrx_word' id='word_1_195' title='bbox 1177 3750 1277 3816; x_wconf 84' lang='lat' dir='ltr'><em>etium</em></span> <span class='ocrx_word' id='word_1_196' title='bbox 1312 3751 1384 3817; x_wconf 90' lang='lat' dir='ltr'><em>viro</em></span> <span class='ocrx_word' id='word_1_197' title='bbox 1396 3753 1503 3855; x_wconf 47' lang='lat'><em>{⁰3¹3</em></span> 
     </span>
     <span class='ocr_line' id='line_1_29' title="bbox 329 3821 1532 3940; baseline 0.005 -24"><span class='ocrx_word' id='word_1_198' title='bbox 329 3851 464 3916; x_wconf 88' lang='lat' dir='ltr'><em>celebris</em></span> <span class='ocrx_word' id='word_1_199' title='bbox 486 3850 583 3916; x_wconf 82' lang='lat' dir='ltr'><em>furnae</em></span> <span class='ocrx_word' id='word_1_200' title='bbox 608 3849 842 3916; x_wconf 82' lang='lat' dir='ltr'><em>Eremenfredo</em></span> <span class='ocrx_word' id='word_1_201' title='bbox 865 3851 1050 3916; x_wconf 85' lang='lat' dir='ltr'><em>Sedunensi</em></span> <span class='ocrx_word' id='word_1_202' title='bbox 1067 3852 1225 3938; x_wconf 88' lang='lat' dir='ltr'><em>episcopo,</em></span> <span class='ocrx_word' id='word_1_203' title='bbox 1242 3852 1383 3940; x_wconf 82' lang='lat' dir='ltr'><em>Aposto-</em></span> <span class='ocrx_word' id='word_1_204' title='bbox 1396 3821 1489 3936; x_wconf 74' lang='lat' dir='ltr'><em>siship</em></span> <span class='ocrx_word' id='word_1_205' title='bbox 1500 3821 1532 3922; x_wconf 70' lang='lat' dir='ltr'><em>if</em></span> 
     </span>
     <span class='ocr_line' id='line_1_30' title="bbox 329 3937 1550 4056; baseline 0.002 -38"><span class='ocrx_word' id='word_1_206' title='bbox 329 3953 401 4019; x_wconf 87' lang='lat' dir='ltr'><em>licse</em></span> <span class='ocrx_word' id='word_1_207' title='bbox 435 3953 523 4018; x_wconf 91' lang='lat' dir='ltr'><em>sedis</em></span> <span class='ocrx_word' id='word_1_208' title='bbox 557 3953 674 4040; x_wconf 81' lang='lat' dir='ltr'><em>legebo,</em></span> <span class='ocrx_word' id='word_1_209' title='bbox 707 3953 765 4038; x_wconf 91' lang='lat' dir='ltr'><em>qui</em></span> <span class='ocrx_word' id='word_1_210' title='bbox 796 3974 817 4018; x_wconf 82' lang='lat' dir='ltr'><em>c</em></span> <span class='ocrx_word' id='word_1_211' title='bbox 851 3953 983 4018; x_wconf 88' lang='lat' dir='ltr'><em>domino</em></span> <span class='ocrx_word' id='word_1_212' title='bbox 1007 3953 1206 4030; x_wconf 81' lang='lat' dir='ltr'><em>Alexandro,</em></span> <span class='ocrx_word' id='word_1_213' title='bbox 1230 3937 1550 4056; x_wconf 41' lang='lat' dir='ltr'><em>Nicholeikv‘ffiffgg·</em></span> 
     </span>
     <span class='ocr_line' id='line_1_31' title="bbox 329 4041 1554 4143; baseline 0.004 -23"><span class='ocrx_word' id='word_1_214' title='bbox 329 4077 519 4132; x_wconf 87' lang='lat' dir='ltr'><em>successore,</em></span> <span class='ocrx_word' id='word_1_215' title='bbox 543 4053 609 4120; x_wconf 82' lang='lat' dir='ltr'><em>ed⁴</em></span> <span class='ocrx_word' id='word_1_216' title='bbox 631 4055 766 4142; x_wconf 82' lang='lat' dir='ltr'><em>regem⁵</em></span> <span class='ocrx_word' id='word_1_217' title='bbox 790 4055 993 4120; x_wconf 78' lang='lat' dir='ltr'><em>Edwardum</em></span> <span class='ocrx_word' id='word_1_218' title='bbox 1016 4079 1075 4142; x_wconf 93' lang='lat' dir='ltr'><em>pro</em></span> <span class='ocrx_word' id='word_1_219' title='bbox 1097 4057 1262 4143; x_wconf 78' lang='lat' dir='ltr'><em>responsis</em></span> <span class='ocrx_word' id='word_1_220' title='bbox 1284 4057 1384 4124; x_wconf 86' lang='lat' dir='ltr'><em>eccle·</em></span> <span class='ocrx_word' id='word_1_221' title='bbox 1426 4042 1432 4054; x_wconf 66' lang='grc'>’</span> <span class='ocrx_word' id='word_1_222' title='bbox 1461 4041 1467 4054; x_wconf 60' lang='grc'>’</span> <span class='ocrx_word' id='word_1_223' title='bbox 1547 4042 1554 4054; x_wconf 58' lang='grc'><strong><em>’</em></strong></span> 
     </span>
     <span class='ocr_line' id='line_1_32' title="bbox 329 4156 1384 4245; baseline 0.004 -23"><span class='ocrx_word' id='word_1_224' title='bbox 329 4157 471 4223; x_wconf 76' lang='lat' dir='ltr'><em>siasticis</em></span> <span class='ocrx_word' id='word_1_225' title='bbox 506 4157 541 4220; x_wconf 91' lang='lat' dir='ltr'><em>in</em></span> <span class='ocrx_word' id='word_1_226' title='bbox 572 4156 730 4243; x_wconf 80' lang='lat' dir='ltr'><em>Angliem</em></span> <span class='ocrx_word' id='word_1_227' title='bbox 757 4163 902 4234; x_wconf 83' lang='lat' dir='ltr'><em>venerat,</em></span> <span class='ocrx_word' id='word_1_228' title='bbox 927 4157 980 4222; x_wconf 89' lang='lat' dir='ltr'><em>die</em></span> <span class='ocrx_word' id='word_1_229' title='bbox 1002 4157 1178 4224; x_wconf 89' lang='lat' dir='ltr'><em>Dominico</em></span> <span class='ocrx_word' id='word_1_230' title='bbox 1210 4181 1275 4245; x_wconf 94' lang='lat' dir='ltr'><em>quo</em></span> <span class='ocrx_word' id='word_1_231' title='bbox 1298 4162 1384 4226; x_wconf 84' lang='lat' dir='ltr'><em>nsti-</em></span> 
     </span>
     <span class='ocr_line' id='line_1_33' title="bbox 330 4259 1384 4346; baseline 0.003 -20"><span class='ocrx_word' id='word_1_232' title='bbox 330 4261 418 4326; x_wconf 75' lang='lat' dir='ltr'><em>vites</em></span> <span class='ocrx_word' id='word_1_233' title='bbox 450 4259 583 4326; x_wconf 77' lang='lat' dir='ltr'><em>Sanctec</em></span> <span class='ocrx_word' id='word_1_234' title='bbox 606 4259 671 4324; x_wconf 88' lang='lat' dir='ltr'><em>Dei</em></span> <span class='ocrx_word' id='word_1_235' title='bbox 703 4259 874 4346; x_wconf 84' lang='lat' dir='ltr'><em>genitricis</em></span> <span class='ocrx_word' id='word_1_236' title='bbox 906 4259 1021 4326; x_wconf 79' lang='lat' dir='ltr'><em>Meriae</em></span> <span class='ocrx_word' id='word_1_237' title='bbox 1055 4262 1099 4326; x_wconf 84' lang='lat' dir='ltr'><em>cb</em></span> <span class='ocrx_word' id='word_1_238' title='bbox 1133 4261 1270 4328; x_wconf 82' lang='lat' dir='ltr'><em>ecclesia</em></span> <span class='ocrx_word' id='word_1_239' title='bbox 1301 4263 1384 4329; x_wconf 87' lang='lat' dir='ltr'><em>cele-</em></span> 
     </span>
    </p>
   </div>
   <div class='ocr_carea' id='block_1_3' title="bbox 1415 1239 1528 1303">
    <p class='ocr_par' dir='ltr' id='par_1_7' title="bbox 1415 1239 1528 1303">
     <span class='ocr_line' id='line_1_34' title="bbox 1415 1239 1528 1303; baseline 0.009 -15"><span class='ocrx_word' id='word_1_240' title='bbox 1415 1239 1528 1303; x_wconf 82' lang='lat' dir='ltr'><em>rivilege.</em></span> 
     </span>
    </p>
   </div>
   <div class='ocr_carea' id='block_1_4' title="bbox 1034 4419 1343 4430">
    <p class='ocr_par' dir='ltr' id='par_1_8' title="bbox 1034 4419 1343 4430">
     <span class='ocr_line' id='line_1_35' title="bbox 1034 4419 1343 4430; baseline 0.013 -6"><span class='ocrx_word' id='word_1_241' title='bbox 1034 4419 1165 4426; x_wconf 45' lang='grc' dir='ltr'><em>..ῃ-</em></span> <span class='ocrx_word' id='word_1_242' title='bbox 1175 4421 1198 4426; x_wconf 83' lang='grc'><em>-.</em></span> <span class='ocrx_word' id='word_1_243' title='bbox 1210 4422 1343 4430; x_wconf 82' lang='grc'><em>---..,.</em></span> 
     </span>
    </p>
   </div>
   <div class='ocr_carea' id='block_1_5' title="bbox 255 4487 1383 4715">
    <p class='ocr_par' dir='ltr' id='par_1_9' title="bbox 255 4487 1383 4715">
     <span class='ocr_line' id='line_1_36' title="bbox 255 4487 1383 4555; baseline 0.022 -34"><span class='ocrx_word' id='word_1_244' title='bbox 255 4517 259 4522; x_wconf 90' lang='grc'>.</span> <span class='ocrx_word' id='word_1_245' title='bbox 361 4490 369 4523; x_wconf 86' lang='grc' dir='ltr'><strong>ι</strong></span> <span class='ocrx_word' id='word_1_246' title='bbox 387 4488 463 4555; x_wconf 58' lang='grc' dir='ltr'><em>Μ]</em></span> <span class='ocrx_word' id='word_1_247' title='bbox 484 4495 517 4551; x_wconf 63' lang='lat' dir='ltr'><em>et,</em></span> <span class='ocrx_word' id='word_1_248' title='bbox 532 4488 562 4540; x_wconf 81' lang='lat' dir='ltr'><em>c,</em></span> <span class='ocrx_word' id='word_1_249' title='bbox 913 4487 924 4520; x_wconf 85' lang='lat'><strong>⁴</strong></span> <span class='ocrx_word' id='word_1_250' title='bbox 939 4487 987 4554; x_wconf 82' lang='lat' dir='ltr'><em>ud]</em></span> <span class='ocrx_word' id='word_1_251' title='bbox 1009 4491 1137 4540; x_wconf 84' lang='lat' dir='ltr'><em>dominum</em></span> <span class='ocrx_word' id='word_1_252' title='bbox 1151 4493 1196 4542; x_wconf 83' lang='lat' dir='ltr'><em>ins.</em></span> <span class='ocrx_word' id='word_1_253' title='bbox 1217 4491 1251 4542; x_wconf 79' lang='lat' dir='ltr'><em>A.</em></span> <span class='ocrx_word' id='word_1_254' title='bbox 1264 4494 1294 4544; x_wconf 88' lang='lat' dir='ltr'><em>B.</em></span> <span class='ocrx_word' id='word_1_255' title='bbox 1307 4493 1337 4545; x_wconf 83' lang='lat' dir='ltr'><em>C.</em></span> <span class='ocrx_word' id='word_1_256' title='bbox 1349 4497 1383 4546; x_wconf 90' lang='lat' dir='ltr'><em>D.</em></span> 
     </span>
     <span class='ocr_line' id='line_1_37' title="bbox 359 4567 1006 4642; baseline 0.005 -24"><span class='ocrx_word' id='word_1_257' title='bbox 359 4569 370 4602; x_wconf 81' lang='lat'>²</span> <span class='ocrx_word' id='word_1_258' title='bbox 386 4567 445 4634; x_wconf 76' lang='lat' dir='ltr'><em>boc]</em></span> <span class='ocrx_word' id='word_1_259' title='bbox 465 4567 517 4628; x_wconf 86' lang='lat' dir='ltr'><em>hio,</em></span> <span class='ocrx_word' id='word_1_260' title='bbox 527 4567 557 4620; x_wconf 82' lang='lat' dir='ltr'><em>O.</em></span> <span class='ocrx_word' id='word_1_261' title='bbox 878 4568 908 4618; x_wconf 81' lang='grc' dir='ltr'><em>Ε.</em></span> <span class='ocrx_word' id='word_1_262' title='bbox 919 4569 948 4618; x_wconf 82' lang='lat' dir='ltr'><em>F.</em></span> <span class='ocrx_word' id='word_1_263' title='bbox 962 4569 1006 4642; x_wconf 34' lang='lat' dir='ltr'><em>G..</em></span> 
     </span>
     <span class='ocr_line' id='line_1_38' title="bbox 272 4647 1273 4715; baseline 0.008 -19"><span class='ocrx_word' id='word_1_264' title='bbox 272 4697 275 4704; x_wconf 21' lang='grc' dir='ltr'><strong>Δ</strong></span> <span class='ocrx_word' id='word_1_265' title='bbox 360 4651 371 4681; x_wconf 88' lang='lat'><strong>³</strong></span> <span class='ocrx_word' id='word_1_266' title='bbox 390 4647 515 4714; x_wconf 66' lang='lat' dir='ltr'><em>Atratus]</em></span> <span class='ocrx_word' id='word_1_267' title='bbox 531 4647 669 4708; x_wconf 81' lang='lat' dir='ltr'><em>Aldredns,</em></span> <span class='ocrx_word' id='word_1_268' title='bbox 677 4647 708 4697; x_wconf 87' lang='lat' dir='ltr'><em>B.</em></span> <span class='ocrx_word' id='word_1_269' title='bbox 721 4647 749 4699; x_wconf 82' lang='lat' dir='ltr'><em>C.</em></span> <span class='ocrx_word' id='word_1_270' title='bbox 762 4647 794 4696; x_wconf 95' lang='lat' dir='ltr'><em>D.</em></span> <span class='ocrx_word' id='word_1_271' title='bbox 803 4647 833 4696; x_wconf 83' lang='grc' dir='ltr'><em>Ε.</em></span> <span class='ocrx_word' id='word_1_272' title='bbox 911 4647 922 4679; x_wconf 79' lang='lat'>⁵</span> <span class='ocrx_word' id='word_1_273' title='bbox 939 4649 1032 4715; x_wconf 77' lang='lat' dir='ltr'><em>repon]</em></span> <span class='ocrx_word' id='word_1_274' title='bbox 1053 4657 1168 4702; x_wconf 74' lang='lat' dir='ltr'><em>sanetum</em></span> <span class='ocrx_word' id='word_1_275' title='bbox 1180 4653 1226 4702; x_wconf 81' lang='lat' dir='ltr'><em>ires.</em></span> <span class='ocrx_word' id='word_1_276' title='bbox 1240 4655 1273 4706; x_wconf 82' lang='lat' dir='ltr'><em>G.</em></span> 
     </span>
    </p>
   </div>
   <div class='ocr_carea' id='block_1_6' title="bbox 327 4729 406 4784">
    <p class='ocr_par' dir='ltr' id='par_1_10' title="bbox 327 4729 406 4784">
     <span class='ocr_line' id='line_1_39' title="bbox 327 4729 406 4784; baseline -0.076 0"><span class='ocrx_word' id='word_1_277' title='bbox 327 4729 357 4784; x_wconf 74' lang='lat' dir='ltr'><em>F.</em></span> <span class='ocrx_word' id='word_1_278' title='bbox 372 4729 406 4779; x_wconf 83' lang='lat' dir='ltr'><em>G.</em></span> 
     </span>
    </p>
   </div>
   <div class='ocr_carea' id='block_1_7' title="bbox 0 0 1770 5790">
    <p class='ocr_par' dir='ltr' id='par_1_11' title="bbox 0 0 1770 5790">
     <span class='ocr_line' id='line_1_40' title="bbox 0 0 1770 5790; baseline 0 0"><span class='ocrx_word' id='word_1_279' title='bbox 0 0 1770 5790; x_wconf 95' lang='lat' dir='ltr'><em> </em></span> 
     </span>
    </p>
   </div>
  </div>
 </body>
</html>
