3606 5798
660 811 740 860 trra
763 810 807 860 or
830 810 876 860 sr.
900 809 1060 862 wrmnu.
1314 791 1380 863 277

327 1015 409 1062 rum
431 1016 573 1084 eperum
594 1004 795 1066 ammineo.
851 998 897 1065 Et
919 1003 1044 1085 quanto
1066 999 1171 1085 magis
1194 1019 1262 1064 suae
1284 998 1380 1065 nobi-

326 1097 433 1164 litatis
455 1098 576 1165 titulus
599 1101 731 1167 nitebat
760 1103 796 1166 in
826 1101 931 1180 terris,
954 1105 1050 1166 tanto
1081 1101 1187 1188 magis
1209 1101 1380 1169 nitebatur

294 1279 299 1296 .
327 1198 409 1265 alios
441 1202 674 1268 transcendere
696 1204 920 1290 generositate
943 1203 1138 1280 sanctitatis,
1170 1223 1269 1288 quam
1303 1223 1379 1268 con-

328 1303 435 1367 traxit
457 1325 475 1370 e
498 1304 595 1370 cacha.
652 1305 694 1372 In
717 1306 783 1372 fide
806 1327 883 1392 ergo
905 1327 1017 1392 purus,
1039 1306 1111 1372 Deo
1134 1309 1168 1371 et
1190 1305 1379 1371 hominibus

326 1403 469 1483 humilis,
493 1428 593 1492 super
615 1407 845 1493 delinquentes
875 1412 1013 1493 paterno
1043 1407 1213 1474 ferebatur
1234 1411 1377 1494 aspectu,

326 1527 394 1572 non
426 1507 533 1572 solum
565 1507 612 1574 eis
644 1507 858 1586 condolendo,
896 1514 931 1574 et
965 1529 985 1575 a
1019 1508 1150 1574 delictis
1184 1509 1377 1588 revocando,

327 1607 384 1675 sed
413 1609 514 1674 etiarn
544 1609 678 1676 Divinae
702 1611 900 1696 eloquentiae
923 1611 1059 1676 suadela
1081 1611 1190 1676 verbis
1221 1610 1379 1676 suavibus

327 1710 478 1777 involuta
500 1713 656 1798 peccandi
678 1714 904 1800 praeveniebat
934 1713 1158 1790 incitamenta,
1182 1735 1257 1780 cum
1279 1712 1378 1779 multi

327 1810 483 1908 labantur
504 1813 659 1879 facillime
676 1815 740 1900 'qui
756 1813 932 1880 difficulter
947 1811 1150 1901 erigerentur
1173 1814 1253 1879 elisi.
1292 1813 1378 1878 Cum

327 1916 423 1979 tanta
437 1915 538 1979 etiem
561 1916 669 1981 cordis
690 1915 868 1983 nobilitate
899 1937 997 2002 super
1026 1915 1166 1982 afflictos
1189 1917 1245 2002 pia
1267 1919 1378 2002 porta-

326 2013 384 2080 bat
406 2015 539 2093 viscere,
563 2018 651 2102 quod
675 2039 714 2084 ca
736 2040 812 2104 ques
834 2023 952 2106 sponte
975 2018 1022 2082 eis
1045 2017 1168 2083 tribuit
1190 2017 1379 2084 aestimabat

325 2137 359 2181 se
382 2113 508 2182 debere.

370 2218 413 2283 ln
435 2219 588 2286 omnibus
610 2221 713 2308 igitur
747 2243 781 2287 se
813 2221 972 2288 exhibens
1008 2227 1047 2286 ut
1070 2221 1195 2288 Christi
1218 2221 1377 2301 minister,
1389 2225 1525 2306 urrunnu

266 2371 273 2385 .
324 2325 401 2406 post
423 2321 612 2408 disciplinas
642 2324 739 2400 diras,
772 2324 892 2410 quibus
921 2324 1064 2389 Domino
1095 2324 1270 2402 militabat,
1293 2294 1522 2409 postmmhse'

325 2422 568 2490 lucubrationes
595 2431 774 2490 nocturnas
796 2429 831 2491 et
861 2425 997 2502 crebras,
1019 2430 1095 2512 post
1125 2425 1223 2490 fletus
1245 2425 1379 2490 amaris·

327 2524 428 2590 simos
451 2547 533 2612 quos
555 2527 800 2612 praeteritorum
815 2527 1011 2594 delictorum
1032 2527 1216 2594 recordatio
1239 2549 1281 2592 ex
1303 2527 1380 2592 imis

326 2626 514 2712 pectoribus
540 2629 745 2707 eructuabat,
768 2629 869 2696 lorica
898 2629 1040 2715 justitiae
1074 2629 1305 2706 circumdatus,
1336 2628 1379 2694 ad

328 2730 601 2815 praeparationem
632 2731 806 2818 Evangelii
828 2731 994 2809 calciatus,
1018 2732 1117 2797 saeris
1139 2731 1300 2798 altaribus
1324 2730 1381 2795 de-

327 2831 407 2896 bitis
430 2832 520 2897 horis
542 2832 684 2898 libenter
705 2834 846 2910 astabat,
869 2839 908 2898 ut
930 2832 1022 2899 Patri
1038 2832 1161 2898 Filium
1184 2833 1377 2899 immolaret.

326 2933 412 3000 Oum
434 2934 538 3022 igitur
560 2935 736 3021 placuisset
758 2935 831 3001 caeli
846 2935 971 3021 solique
987 2935 1190 3001 Fabricatori
1212 2939 1282 3000 tam
1305 2955 1376 3020 pre·
1391 2932 1433 2984 On
1443 2931 1545 2998 minity

324 3037 408 3102 tiosa
430 3038 610 3124 margarita
629 3037 746 3108 caelum
762 3039 873 3125 potius
896 3057 1012 3103 ornare
1028 3059 1128 3122 quam
1150 3035 1265 3116 solum,
1281 3037 1376 3103 corde
1388 2998 1538 3118 083ξῇᾚὲ

322 3138 516 3224 purificatus
540 3143 574 3204 et
597 3159 694 3204 carne
716 3139 760 3204 ad
789 3138 1022 3224 celebrandum
1046 3137 1177 3205 Sanctae
1200 3137 1375 3204 Trinitatis
1388 3147 1464 3184 ”¹⁸⁸⁸-

323 3241 447 3306 festum
478 3263 514 3306 se
548 3240 751 3308 sollemniter
773 3241 894 3328 praesul
926 3247 1058 3308 sanctus
1082 3241 1236 3318 accinxit,
1258 3245 1298 3305 ut
1320 3261 1379 3326 per

324 3342 582 3430 assumptionem
605 3343 700 3428 panis
731 3343 848 3409 aeterni
871 3342 942 3408 Uni
973 3349 1008 3408 et
1030 3343 1131 3410 Trino
1154 3342 1225 3408 Deo
1247 3363 1282 3408 se
1304 3343 1377 3407 red-

326 3443 418 3509 deret
448 3465 570 3508 munus
601 3447 771 3508 aeternum.
829 3442 1013 3530 Completis
1047 3444 1153 3532 igitur
1185 3447 1290 3510 tuntae
1314 3443 1376 3508 sol·
1389 3459 1483 3513 onnia

324 3545 505 3612 lemnitatis
531 3545 706 3631 mysteriis,
722 3546 848 3612 modice
873 3551 1028 3624 meratus,
1045 3547 1087 3611 ad
1102 3545 1263 3631 palatium
1279 3567 1377 3610 suum
1389 3535 1528 3657 ffiffissge

324 3648 430 3714 rediit.
492 3645 660 3713 Continuo
697 3649 820 3734 apponi
858 3669 1008 3714 mensam
1047 3642 1237 3734 hospitibus
1264 3648 1375 3734 jussit,
1389 3667 1488 3725 agrees

325 3751 435 3836 eisque
457 3749 571 3836 epulas
600 3749 736 3836 largiter
765 3749 955 3814 ministrari.
1002 3749 1074 3814 Illis
1103 3748 1275 3835 splendide
1297 3725 1486 3843 θρα-ᾖξ’

324 3852 481 3932 lantibus,
504 3850 647 3917 intravit
669 3873 831 3917 cameram
854 3851 972 3917 beatus
995 3850 1124 3937 praesul,
1148 3855 1183 3916 et
1205 3849 1375 3915 familiari·
1387 3885 1430 3936 He
1439 3880 1545 3933 himself

325 3955 388 4020 bus
410 3955 478 4020 suis
505 3953 615 4020 obitus
645 3954 698 4020 sui
721 3953 809 4019 diem
833 3954 953 4041 spiritu
983 3953 1174 4040 prophetico
1195 3951 1375 4018 nuntiavit
1387 3947 1537 4066 tmesi*

325 4057 388 4123 Per
411 4061 484 4122 octo
506 4055 612 4142 igitur
634 4055 704 4122 dies
727 4053 817 4122 intra
839 4054 1058 4120 medullarum
1089 4075 1224 4120 suarum
1246 4057 1375 4118 meatus
1386 4034 1414 4134 ἕο
1425 4083 1476 4134 oie.
1510 4082 1537 4131 A

324 4159 412 4224 vires
434 4157 487 4222 vis
520 4155 621 4222 febris
653 4157 810 4234 exercuit,
843 4177 903 4220 nec
934 4155 1071 4220 alterius
1105 4175 1205 4240 quam
1237 4154 1375 4220 caelestis
1386 4148 1535 4266 ffigssffl

324 4259 444 4325 medici
465 4279 603 4324 manum
625 4258 761 4324 admisit
775 4257 1004 4323 medicantem.
1050 4256 1137 4322 Sane
1153 4255 1233 4320 dum
1256 4255 1376 4321 vitales
1387 4283 1458 4350 eight
1469 4283 1541 4346 (ιαμ,

324 4365 490 4447 carpserat
521 4380 626 4438 auras,
650 4365 809 4446 tanquam
841 4359 869 4424 si
901 4359 1018 4424 nutrix
1051 4358 1163 4424 foveat
1184 4357 1271 4422 filios
1293 4379 1377 4436 suos,

298 4475 437 4530 'omnes
460 4483 569 4529 secum
600 4465 838 4528 commorantes
861 4461 962 4526 verbo
986 4460 1048 4526 Dei
1078 4459 1243 4546 pascebat,
1266 4465 1301 4524 et
1323 4461 1377 4526 die

324 4571 490 4652 noctuque
512 4567 549 4630 in
572 4566 719 4631 oratione
735 4563 937 4650 persistebat.
985 4563 1070 4637 (lum
1086 4563 1190 4650 igitur
1212 4562 1266 4628 die
1288 4583 1376 4628 nono
1390 4575 1486 4629 onata

324 4669 469 4756 corporis
502 4668 555 4734 sui
587 4667 835 4735 dissolutionem
866 4665 1037 4733 imminere
1067 4665 1215 4743 sentiret,
1250 4643 1524 4762 catenisffiloe‘l‘l
