3606 5798
623 839 704 889 arra
726 837 767 889 or
792 839 838 890 sr.
861 837 1024 888 urrann.
1280 823 1345 890 291

284 1026 496 1112 perdiderat3
526 1025 741 1095 frustratoria
766 1032 842 1114 post
869 1027 998 1115 lapsum
1031 1026 1207 1112 diligentia
1228 1025 1348 1111 quaerit
1360 1015 1475 1132 ffied

285 1127 451 1194 instanter
463 1152 471 1209 ;
494 1129 551 1194 aad
573 1130 634 1193 vix
657 1125 773 1216 'abyssi
800 1128 855 1194 vel
886 1133 984 1195 terrae
1019 1127 1229 1214 profunditas
1261 1149 1347 1194 mor·
1446 1115 1452 1130 ’

286 1233 383 1293 tuum
416 1230 559 1295 sustinet
592 1229 747 1296 inveniri
796 1229 999 1296 Extrahitur
1035 1230 1172 1295 tandem
1203 1250 1222 1294 a
1253 1230 1347 1315 putei
1464 1291 1468 1300 .

234 1331 237 1338 ’
285 1329 392 1397 fundo
406 1352 427 1396 a
441 1331 607 1417 profundo
631 1329 783 1398 funditus
805 1331 1007 1413 devoratus;
1029 1337 1065 1397 et
1086 1353 1185 1417 quem
1200 1331 1346 1417 lymphae

286 1431 378 1518 prius
408 1433 562 1500 laverant
583 1440 812 1502 maternarum
843 1433 1065 1520 laerymarum
1087 1434 1201 1501 latices
1224 1433 1347 1512 iterum

287 1533 422 1616 lavant;
452 1541 488 1600 et
519 1541 683 1622 quantum
717 1558 797 1604 oara
818 1537 913 1623 pueri
936 1559 1012 1604 earo
1044 1537 1165 1624 pannis
1199 1536 1346 1623 paternis

289 1635 512 1722 maternisque
534 1638 689 1705 manibus
719 1639 869 1716 siooatur,
901 1643 1035 1704 tantum
1066 1637 1207 1703 fletuum
1238 1637 1347 1703 flueti-

247 1769 250 1774 ,
290 1734 353 1800 bus
385 1737 555 1804 irroratur.
601 1739 657 1803 An
691 1739 804 1808 anima
837 1723 945 1805 subsit
982 1739 1193 1806 examinatur
1229 1758 1347 1825 eorpus

290 1837 451 1918 exanime,
496 1839 554 1904 sed
585 1861 646 1908 neo
685 1840 799 1906 vitalis
837 1846 959 1906 ventus
1000 1840 1172 1906 invenitur
1219 1839 1257 1904 in
1297 1839 1348 1904 in-

291 1945 399 2007 vento.
448 1939 537 2022 Quid
569 1946 704 2008 moror?
749 1940 854 2008 Dolor
888 1942 985 2009 dooet
1016 1962 1129 2009 reeens
1165 1941 1348 2008 remedium

292 2041 412 2127 sparsis
435 2041 635 2129 laniatisque
666 2040 845 2131 parentum
877 2043 1031 2123 crinibus,
1065 2042 1234 2130 unguibus
1265 2042 1349 2109 faeie
1470 2050 1473 2058 '

291 2149 472 2224 cruentata,
496 2145 673 2232 eomplosis
697 2151 830 2212 tortura
852 2145 1006 2212 manibus
1037 2151 1116 2212 ante
1147 2146 1244 2212 Beati
1266 2145 1349 2211 Wil-

292 2243 383 2309 lelmi
420 2247 615 2313 memoriam
652 2251 880 2334 praesentatur
896 2246 1064 2334 'parvulus
1097 2247 1134 2312 in
1156 2251 1258 2332 puteo
1291 2246 1348 2312 ab·
1409 2237 1412 2242 ¹

293 2347 447 2415 sortivus.
494 2348 545 2415 De
568 2349 699 2416 desidia
720 2370 756 2415 se
779 2354 888 2416 mater
917 2352 1050 2417 aoousat
1083 2349 1210 2426 misera,
1242 2347 1350 2414 infeli-

293 2447 458 2515 cissimam
480 2472 515 2516 se
537 2451 677 2517 firmiter
691 2450 866 2530 affirmans,
890 2457 926 2517 et
947 2450 1108 2518 aSanotu
1121 2450 1185 2516 sibi
1207 2449 1350 2527 veniam,

293 2556 328 2616 et
350 2551 421 2618 filio
452 2553 696 2620 misericordem
721 2545 871 2640 postulat
902 2553 1124 2634 medicinam
1158 2549 1352 2619 aemulorum

294 2652 395 2721 etiam
430 2674 529 2720 saxea
559 2655 659 2721 eorda
696 2652 823 2741 frangit
855 2654 1038 2722 adflatum
1072 2659 1231 2720 materne
1265 2675 1352 2720 oom-

295 2755 458 2839 passionis
480 2756 657 2843 angustia„
671 2761 706 2822 et
728 2756 774 2846 ad
797 2755 956 2823 orationis
979 2756 1133 2822 hortatur
1155 2754 1352 2822 antidotum.

296 2855 325 2921 O
348 2855 526 2922 ineffabilis
543 2857 610 2923 Dei
625 2857 854 2944 dispensatio!
900 2857 995 2924 Inter
1010 2859 1079 2924 ima
1094 2856 1236 2944 suspiria
1251 2857 1354 2942 spirat

296 2957 424 3025 Divina
446 2960 554 3046 gratia
565 2983 574 3040 ;
595 2960 684 3026 inter
709 2959 807 3025 fletus
828 2963 959 3026 mortuo
988 2981 1095 3027 novus
1119 2959 1214 3026 adest
1236 2958 1354 3039 flatus3

297 3065 331 3126 et
352 3060 454 3126 rubor
476 3061 513 3125 in
534 3060 619 3130 faeie
642 3061 770 3128 indicat
793 3060 894 3127 robur
916 3061 1037 3146 animae
1070 3061 1251 3132 advenisse.
1297 3060 1355 3124 Fit

297 3183 373 3249 ergo
395 3161 433 3226 in
465 3183 568 3249 puero
603 3163 763 3230 suscitato
796 3162 933 3228 Divina
963 3164 1109 3229 dexterea
1143 3146 1355 3228 multiformis

297 3265 449 3332 mutatio.
495 3265 617 3332 Maeror
652 3267 689 3330 in
726 3265 927 3332 medicinam
974 3265 1200 3346 convertitur3
1246 3264 1355 3331 luctus
1396 3251 1399 3259 ¹

296 3366 451 3432 laetitiam
473 3366 623 3452 loquitur
635 3391 644 3448 ;
671 3367 872 3434 lamentatio
895 3373 931 3434 et
955 3369 1089 3456 grandis
1120 3366 1226 3454 plebis
1260 3366 1356 3432 anxi·

297 3473 367 3534 etas
389 3459 433 3534 ad
465 3468 530 3534 Dei
553 3473 588 3534 et
619 3469 717 3535 Beati
752 3469 913 3536 Willelmi
945 3469 1060 3538 laudes
1102 3470 1140 3534 in
1173 3469 1355 3556 gratiarum

297 3575 439 3656 surgunt
460 3570 614 3637 actiones.

342 3669 393 3736 De
416 3670 588 3755 cujusdam
611 3671 786 3756 pisoatoris
810 3671 881 3736 filio
903 3672 992 3737 inter
1026 3671 1108 3737 duas
1142 3689 1245 3736 naves
1275 3667 1353 3733 sub·
1366 3685 1506 3736 nunnae

297 3792 411 3851 merso,
427 3778 461 3838 et
483 3772 571 3838 inter
593 3772 722 3856 visoera
742 3774 891 3840 fluminis
913 3773 992 3853 Usa,
1015 3773 1110 3860 quasi
1125 3795 1185 3859 per
1205 3751 1491 3870 mediumffifflss'ehe‘}1

298 3873 386 3938 diem
424 3875 562 3962 sepulto,
597 3875 770 3944 consimile
809 3875 1006 3948 miraculum
1039 3875 1200 3944 veraciter
1228 3872 1448 3942 dieiturinuo

298 3975 461 4044 accidisse.
1131 4009 1134 4013 .
1365 3949 1508 4081 mi,

1365 4084 1387 4135 is
1398 4083 1513 4134 restored

1365 4156 1393 4201 to
1404 4147 1458 4202 life.
