3586 5802
606 902 653 952 ar
675 900 778 952 suen
800 901 871 950 rar
892 900 1062 952 cucuron
1288 883 1353 952 197

303 1077 436 1165 Nigello
459 1078 501 1144 de
524 1077 696 1154 Aibeneio,
719 1077 836 1144 videns
859 1099 918 1143 rex
935 1077 1051 1163 [quod]
1074 1077 1137 1143 hoc
1159 1078 1246 1162 quod
1268 1097 1352 1163 prae-
1366 1088 1472 1138 Turstin

299 1180 454 1266 cipiehat,
487 1180 698 1266 Apostolicus
729 1180 791 1244 sub
825 1180 1036 1246 anathemate
1068 1179 1295 1256 interdicebat,
1311 1189 1353 1243 et
1364 1155 1501 1284 {ffffiff

302 1287 438 1368 propter
460 1283 615 1368 quaedam
639 1282 796 1349 amicitiae
819 1286 854 1346 et
876 1282 1049 1348 fidelitatis
1072 1304 1150 1368 arga
1172 1304 1206 1348 se
1229 1281 1440 1364 habitaepapal

302 1384 405 1450 verba
428 1407 504 1472 quse
527 1383 609 1450 ille1
642 1383 714 1470 regi
737 1384 986 1462 rememorabat,
1018 1385 1088 1469 ipse
1121 1405 1214 1469 paene
1246 1383 1352 1468 lacry-
1365 1354 1496 1420 pnvuege.

302 1507 392 1551 mare
414 1493 546 1554 coaetus
579 1491 637 1553 est.
685 1486 838 1572 Nigellus
870 1508 949 1552 vero
972 1492 1053 1551 time
1087 1492 1121 1552 et
1152 1485 1251 1572 paulo
1274 1491 1352 1551 ante
1364 1504 1397 1555 N·
1416 1506 1438 1556 er

301 1589 444 1653 multum
467 1587 669 1675 lacrymatus
692 1593 751 1668 ast,
774 1587 848 1653 ideo
871 1588 959 1674 quod
982 1588 1225 1673 archiepiscopo
1240 1592 1352 1652 nostro
1363 1573 1405 1686 ‘gh
1406 1571 1495 1687 ἐξὲξ»

300 1697 376 1777 post
397 1693 618 1778 receptionem
641 1713 736 1758 suam
768 1711 883 1777 paoem
914 1691 1035 1757 hahere
1066 1697 1219 1777 sperante
1254 1691 1351 1755 medo
1363 1711 1475 1767 present,

289 1793 412 1860 ‘omnia
434 1799 598 1860 commota
631 1799 666 1860 et
696 1793 894 1860 conturbata
925 1815 995 1858 esse
1028 1794 1191 1870 cernebat,
1215 1800 1250 1858 et
1281 1785 1514 1887 ipseffieffisth

301 1919 379 1962 vero
401 1897 438 1961 in
460 1896 598 1982 angaria
620 1896 686 1961 iata
708 1916 768 1980 pro
791 1895 927 1961 eeclesia
948 1901 1061 1960 nostra
1083 1896 1226 1961 fideliter
1248 1898 1352 1962 stetit.
1365 1902 1476 1954 Turstin.

301 1997 374 2061 Rex
412 1996 509 2062 modo
547 1997 672 2083 pietate
710 1995 812 2082 reguli
853 1995 1099 2080 aliquantulum
1138 2003 1353 2082 compunctus

299 2098 467 2164 consuluit
498 2098 744 2184 archiepiscopo
774 2101 896 2175 nostro,
921 2097 1079 2182 quatinus
1102 2098 1272 2186 episcopis,
1295 2101 1352 2183 qui

300 2199 435 2287 plurimi
457 2201 605 2277 aderant,
628 2221 688 2286 par
710 2199 838 2285 aliquos
857 2199 902 2282 vde
924 2199 993 2264 suis
1016 2201 1228 2286 privilegium
1243 2207 1352 2266 osten-

300 2303 401 2369 deret.
463 2303 560 2384 Quod
590 2323 667 2369 eum
698 2301 757 2380 illi,
794 2301 1037 2388 archiepiscopo
1071 2309 1205 2381 remote,
1243 2326 1350 2372 coram
1364 2295 1419 2374 T.¹¹⁰

299 2427 375 2490 rege
398 2404 513 2492 legere,
535 2403 591 2470 vel
613 2404 656 2470 ad
678 2402 856 2490 legendum
887 2405 1035 2489 praebere
1066 2405 1258 2483 voluissent,
1282 2362 1484 2492 epi-iim,

299 2507 390 2593 scopi
423 2528 484 2572 nee
515 2505 622 2592 legere
656 2527 716 2571 nee
749 2505 864 2571 audire
897 2506 1084 2584 voluenmt,
1107 2508 1165 2572 sed
1198 2529 1285 2572 unus
1307 2530 1350 2574 ex
1362 2496 1477 2610 regulae

298 2608 366 2673 illis
389 2609 554 2676 eructavit
576 2607 716 2673 verbum
738 2628 806 2673 non
829 2609 961 2685 bonum,
984 2609 1064 2694 quia
1094 2631 1201 2694 neque
1225 2574 1494 2688 veraniiiiitige’

301 2731 362 2775 nec
398 2731 458 2796 pro
491 2709 580 2774 bono
611 2709 820 2794 ejaculatum,
852 2709 977 2776 scilicet
1015 2711 1102 2795 quod
1139 2713 1350 2798 Apostolicus
1363 2693 1488 2827 {appu

162 2873 169 2890 ,
300 2811 511 2898 privilegium
533 2810 618 2875 iilud
646 2831 753 2896 neque
785 2831 934 2896 unquam
967 2811 1107 2890 viderat,
1140 2834 1248 2900 neque
1280 2815 1351 2880 fieri
1365 2826 1521 2893 questioned.

295 2913 448 2999 jusserat
472 2911 536 2979 Oui
547 2913 683 2998 quidam
699 2911 739 2978 de
754 2913 876 2978 nostris
892 2913 1014 2999 objecit
1028 2914 1158 2980 dicens:
1175 2924 1191 2950 “
1201 2916 1352 2994 Domine,

301 3023 319 3049 “
342 3015 370 3079 si
393 3013 489 3080 vobis
511 3013 629 3100 placet,
652 3013 719 3078 seio
742 3014 832 3098 quod
854 3014 938 3079 illud
960 3015 1032 3080 fieri
1054 3017 1221 3104 praecepit‚
1237 3024 1271 3084 et
1293 3041 1354 3105 ego
1434 3059 1437 3067 ·

300 3125 317 3152 “
341 3116 443 3184 oculis
466 3117 549 3182 meis
570 3116 687 3202 aspexi
709 3115 795 3181 illud
810 3117 840 3182 ei
855 3115 986 3197 afferri3
1009 3118 1099 3204 quod
1121 3119 1259 3186 allatum
1282 3121 1353 3207 ipse

299 3226 318 3254 “
341 3217 490 3305 perlegit,
528 3221 563 3282 et
600 3217 744 3303 perlecto
782 3238 884 3282 manu
921 3219 1055 3304 propria
1091 3220 1214 3287 lineam
1251 3244 1353 3288 unam

299 3329 317 3358 “
340 3320 463 3387 faciens
486 3320 558 3407 ipse
580 3318 803 3404 subscripsit.''
850 3319 915 3385 Oui
937 3319 1024 3386 nihil
1045 3321 1113 3388 illis
1127 3325 1352 3393 contradicen-

300 3423 392 3490 tibus
414 3421 521 3488 nostri
543 3421 587 3487 ad
608 3420 892 3507 archiepiscopum
914 3443 1012 3487 suum
1035 3423 1262 3494 discesserunt.

346 3524 409 3590 Ille
431 3544 511 3589 vero
533 3529 569 3589 et
591 3523 643 3588 sui
666 3523 725 3608 qui
759 3523 877 3588 timide
899 3523 943 3588 ad
965 3524 1092 3590 curiam
1126 3534 1296 3607 venerant,
1319 3535 1354 3595 et

300 3627 371 3693 illie
392 3631 509 3692 contra
531 3625 683 3691 inimicos
704 3625 897 3692 meticulose
920 3631 1064 3712 egerant,
1079 3627 1151 3695 Deo
1174 3636 1209 3696 et
1232 3631 1354 3699 Sancto

302 3727 400 3793 Petro
434 3747 494 3813 pro
526 3724 594 3790 illis
627 3730 748 3812 agente
779 3725 965 3804 confortati,
999 3731 1035 3792 et
1064 3726 1186 3816 hilares
1220 3731 1355 3797 domum

303 3833 526 3896 revertuntur.
572 3827 679 3893 Fuere
714 3833 796 3895 tune
818 3828 952 3914 quidem
984 3832 1207 3898 controversia
1237 3833 1356 3900 herum

304 3929 519 3998 ecelesiarum
543 3927 618 4016 (sie)
635 3929 725 3994 inter
746 3951 781 3994 se
803 3929 1009 3996 conserentes
1031 3930 1187 3998 dicebant
1210 3935 1355 4002 Oantua-

302 4034 420 4100 riensis
442 4031 680 4118 archiepiscopi
703 4032 909 4098 exactionem
943 4031 1103 4118 injustam
1134 4035 1251 4115 videri,
1274 4059 1353 4123 quo·
1366 4047 1419 4096 The
1432 4046 1472 4097 ru-

301 4139 388 4204 tiens
410 4136 499 4202 enim
522 4135 559 4200 in
582 4135 819 4202 Eboraeansem
840 4135 1008 4202 eeclesiam
1023 4137 1130 4204 aerius
1152 4138 1353 4227 insurgebat,
1364 4128 1451 4244 {⁸533
1461 4115 1507 4232 {20

301 4237 416 4306 morbo
438 4237 551 4324 aliquo
573 4237 668 4323 quasi
699 4238 796 4323 virga
817 4237 882 4302 Dei
913 4237 1120 4324 tangebatur,
1143 4243 1351 4310 reminiscen-
1364 4249 1490 4313 regarded

304 4347 355 4408 tes
379 4340 470 4406 illius
493 4361 558 4426 quo
581 4339 617 4402 in
643 4337 793 4404 Romano
826 4339 946 4404 itinere
968 4347 1111 4406 vexatus
1134 4349 1193 4421 est,
1216 4351 1251 4410 et
1283 4348 1354 4434 ejus
1364 4329 1493 4432 ffisfflt

303 4464 403 4530 quam
425 4442 463 4506 in
486 4440 692 4507 Normannia
713 4440 916 4526 aliquamdiu
947 4461 1062 4528 passus
1084 4449 1153 4524 est3
1177 4448 1354 4518 novissime
1366 4447 1455 4524 fornia

306 4546 412 4612 etiam
436 4549 471 4609 et
493 4542 603 4629 hujus,
626 4563 691 4628 quo
714 4543 944 4630 praepediente,
967 4543 1137 4632 colloquio,
1161 4549 1249 4634 quod
1281 4516 1499 4620 0011.οΜῃωῖ

704 4793 713 4828 ¹
732 4793 789 4862 uo]
810 4793 856 4859 illi,
867 4795 925 4849 MS.
