3586 5802
463 871 526 932 162
620 881 769 931 mavors
794 881 837 929 or
861 881 954 930 roua
976 878 1214 928 ancnnrsnoes
1237 877 1281 926 or
1304 875 1399 926 roan

291 1085 333 1136 He
345 1093 414 1150 stays
462 1073 516 1138 die
550 1071 745 1139 festivitatis
776 1071 874 1149 illius,
907 1071 1040 1138 domino
1074 1093 1170 1159 papae
1201 1075 1236 1138 et
1267 1071 1367 1138 curiae
1405 1091 1511 1138 eomes

291 1153 425 1284 §Zffffftfl
458 1177 604 1261 junctus,
628 1197 686 1260 per
718 1174 894 1238 dimidium
917 1195 1042 1239 annum
1068 1174 1112 1238 ab
1134 1195 1246 1238 eorum
1269 1173 1429 1239 comitatu
1451 1195 1511 1238 nec

293 1286 419 1349 nempe,
463 1280 591 1364 integra
614 1277 667 1342 die
691 1281 741 1341 est
763 1277 938 1363 sejunctus.
977 1276 1081 1341 Dedit
1103 1297 1233 1362 quoque
1253 1275 1344 1340 Deus
1366 1275 1416 1340 illi
1437 1297 1511 1362 gra-

292 1353 392 1468 }ssvffih
463 1383 545 1446 tiam
577 1383 613 1445 in
647 1385 823 1466 conspectu
857 1381 943 1466 regis
975 1379 1131 1457 Francius,
1165 1380 1398 1465 episcoporum,
1422 1379 1512 1464 prin,

292 1485 404 1535 withan.
463 1487 583 1571 cipum,
606 1505 784 1571 procerum,
816 1487 851 1548 et
884 1482 1061 1568 cujuslibet
1092 1481 1266 1568 dignitatis
1298 1502 1510 1566 personarum

462 1590 505 1653 ad
528 1610 610 1674 quos
632 1587 688 1652 ille
712 1587 876 1664 veniebat,
899 1585 953 1650 vel
977 1585 1034 1671 qui
1058 1585 1205 1670 undique
1227 1585 1271 1650 ad
1293 1605 1413 1671 papam
1436 1605 1510 1649 con·

461 1692 618 1756 fluebant.

291 1801 417 1854 rumtin’s
509 1795 631 1860 Omnes
646 1815 721 1858 eum
732 1792 923 1880 diligebant,
935 1792 1071 1857 servitia
1085 1813 1146 1857 sua
1160 1791 1279 1857 devote
1294 1791 1511 1876 offereba[n]t,

465 1903 500 1963 et
523 1898 654 1984 cognita
680 1917 779 1962 causa
801 1895 890 1960 illius
921 1895 1064 1960 inimicis
1095 1895 1166 1980 ejus
1196 1893 1322 1960 inimici
1352 1899 1512 1969 orantei

464 2023 523 2086 pro
546 2021 644 2065 causa
671 1999 760 2062 illius
784 1998 954 2062 dominum
985 2018 1105 2084 papam
1128 2002 1164 2062 et
1185 1997 1310 2062 curiam
1337 1996 1513 2081 diligenter

292 1878 452 1935 greatpopu-

292 1935 376 2001 larity.

463 2103 728 2188 interpellabant.
782 2099 841 2164 ‘Ad
872 2101 1073 2186 captandum
1105 2121 1218 2164 eorum
1248 2098 1510 2164 benevolentiam

461 2228 558 2271 nemo
595 2206 700 2290 magis
738 2209 918 2289 promptus,
950 2224 1047 2267 nemo
1081 2203 1186 2288 magis
1223 2203 1348 2268 facetus
1388 2221 1511 2265 morem

461 2309 578 2392 cuique
616 2329 737 2392 gerere,
773 2311 808 2370 et
842 2306 930 2391 quod
968 2305 1111 2370 maxime
1145 2304 1307 2371 amicitias
1349 2302 1510 2379 conciliat,

456 2411 557 2494 juxta
580 2409 663 2472 illud
687 2407 914 2484 Ecclesiastici
938 2429 1009 2470 nou
1033 2411 1104 2470 erat
1130 2406 1331 2471 illiniuntur
1354 2405 1401 2471 od
1423 2405 1509 2470 acei-
1524 2419 1684 2472 lecelinae.

457 2512 628 2597 piendum
655 2517 817 2595 porrecte,
840 2517 869 2574 et
899 2509 947 2573 uu
976 2509 1136 2574 «laudum
1166 2508 1304 2585 collecto,
1335 2508 1393 2573 sed
1423 2510 1509 2593 quod

461 2636 535 2678 eum
560 2618 675 2678 contra
697 2613 724 2675 si
749 2613 823 2696 quis
846 2612 929 2676 forte
952 2611 1087 2697 aliquod
1110 2612 1140 2676 ci
1162 2612 1336 2676 servitium
1361 2611 1510 2688 faciebat,

460 2738 526 2780 non
550 2717 694 2801 segniter
716 2720 776 2778 aut
807 2736 904 2800 parce
930 2714 1152 2792 retribuebat;
1182 2716 1211 2778 si
1234 2714 1308 2798 quis
1331 2714 1361 2778 ei
1384 2712 1511 2798 aliquid

462 2818 571 2894 dabat,
594 2839 661 2881 non
684 2817 808 2902 pariter
830 2817 888 2881 sed
911 2815 1044 2880 uberius
1067 2815 1232 2881 reddebat.

291 2933 411 2984 Aeolon
509 2921 671 2984 Veniente
694 2940 780 3005 papa
802 2920 845 2983 ad
867 2918 1020 2984 Blesense
1041 2922 1193 2996 castrum,
1210 2919 1276 2984 duo
1291 2919 1510 2985 archidiaconi

290 3001 411 3129 Ῐξξέξιξθ
463 3023 606 3088 ecelesiae
636 3027 758 3086 nostrae
785 3027 820 3086 et
851 3020 1048 3098 scolasticus,
1072 3023 1129 3106 qui
1160 3042 1235 3087 cum
1264 3019 1367 3086 eleeto
1398 3026 1510 3086 nostro

292 3134 409 3182 askeuro
462 3131 631 3202 venerant,
654 3145 735 3192 voce
757 3129 792 3190 et
815 3123 921 3189 literis
948 3124 1144 3210 petitionem
1170 3124 1320 3191 fecerunt
1341 3125 1384 3190 ad
1407 3124 1511 3190 domi-

292 3205 437 3313 &oppipare
461 3249 542 3292 num
566 3249 685 3314 papam
708 3233 748 3292 ut
770 3248 845 3293 eum
869 3232 1078 3293 consecraret.
1139 3229 1187 3292 At
1209 3227 1265 3292 ille
1288 3227 1429 3314 benigne
1461 3248 1510 3291 rs-

463 3331 597 3416 epondit
620 3352 653 3396 se
676 3330 835 3396 fratribus
858 3330 927 3394 suis
949 3330 1026 3395 inde
1049 3329 1295 3396 collocuturum.

291 3443 367 3492 fleis
508 3434 592 3498 Cum
625 3437 736 3498 autem
771 3431 916 3497 Parisins
951 3432 1104 3510 venisset,
1132 3433 1286 3498 idoneum
1317 3435 1427 3497 visum
1460 3438 1511 3498 est

291 3511 433 3560 ³¹⁸⁰⁸⁸k⁰d
462 3536 619 3620 magistro
645 3540 757 3599 nostro
788 3540 822 3600 et
853 3535 922 3599 suis
953 3535 1073 3600 iterum
1107 3535 1277 3599 dominum
1310 3555 1428 3621 papam
1460 3555 1509 3599 re·

292 3576 365 3625 when

291 3642 394 3707 leaving
405 3645 448 3693 the
462 3637 598 3721 quirere.
647 3637 720 3717 Quo
738 3637 926 3723 egrediente
949 3637 990 3701 de
1012 3638 1210 3702 monasterio
1235 3636 1349 3703 Sancti
1372 3637 1509 3703 Martini

290 3709 439 3826 {lulllrlln
461 3740 502 3805 de
538 3739 680 3826 campie,
717 3739 776 3804 ubi
815 3739 950 3804 Missam
984 3744 1211 3818 cantaverant,
1250 3741 1358 3806 clerici
1396 3742 1509 3817 nostri,

289 3843 449 3921 deschamps
462 3865 602 3928 quorum
625 3864 726 3928 supra
749 3841 894 3919 memini,
917 3841 1082 3908 allaterati
1113 3849 1193 3907 sunt
1222 3842 1282 3920 illi,
1304 3843 1376 3908 Deo
1398 3844 1507 3930 provi-

291 3909 407 3960 atPans,
460 3945 560 4010 dente
583 3944 649 4009 illis
672 3943 956 4030 opportunitatem
987 3949 1021 4008 et
1044 3946 1189 4030 spatium
1216 3945 1381 4030 loquendi,
1405 3968 1507 4032 quan-

458 4053 531 4112 tum
556 4047 664 4112 visum
687 4052 738 4112 est
760 4045 811 4110 illi
834 4047 915 4111 satis
939 4051 996 4124 est,
1020 4047 1172 4112 omnibus
1195 4049 1337 4126 remotis,
1360 4069 1438 4114 casu
1460 4050 1508 4114 ita

423 4203 439 4225 ,
459 4151 678 4236 contingente.
725 4149 887 4214 Dominus
909 4154 1021 4214 noster
1043 4149 1188 4216 Parisios
1211 4156 1412 4216 remanserat
1434 4171 1507 4217 san-

460 4253 625 4338 guinatus.
688 4250 743 4314 Illi
770 4273 848 4316 vero
880 4253 1057 4318 veritatem
1088 4251 1235 4331 dicendo,
1258 4253 1405 4318 favorem
1438 4255 1508 4340 ejus

289 4361 342 4410 Tne
462 4359 593 4438 captare
623 4353 780 4432 volentes,
815 4355 861 4418 sic
894 4355 1008 4419 aiunt:
1048 4363 1065 4388 “
1083 4355 1218 4433 Audito,
1241 4355 1372 4422 domine
1406 4360 1508 4443 pater,

291 4430 409 4557 me?
462 4456 700 4541 “dignitatem
724 4462 867 4521 vestram
891 4458 934 4523 ad
957 4457 1045 4522 hunc
1067 4457 1194 4544 apicem
1221 4464 1406 4543 promotam
1430 4481 1507 4539 esse,

289 4561 412 4609 menime
462 4568 477 4592 “
500 4557 598 4622 multi
621 4560 726 4646 gavisi
749 4565 828 4624 sunt
847 4561 968 4646 gaudio
991 4581 1110 4647 magno
1125 4559 1232 4638 valde,
1247 4561 1356 4629 clerici
1377 4563 1510 4646 quidem

290 4640 341 4741 fif?
343 4641 414 4744 {1⁰0¹}
460 4670 478 4696 “
501 4663 652 4738 maxime,
676 4663 755 4747 quia
776 4662 864 4748 quod
891 4663 950 4728 diu
976 4663 1128 4729 monachi
1158 4665 1255 4730 modo
1278 4663 1415 4730 clericus
1445 4665 1510 4729 Ro·

294 4759 357 4808 li⁰¹1·
460 4771 478 4800 “
501 4785 608 4829 manse
631 4763 774 4828 ecclesiae
805 4765 1011 4850 praesidebat,
1034 4771 1069 4830 et
1091 4785 1150 4852 pro
1172 4765 1302 4852 generis
1324 4765 1510 4844 nobilitate,
