3582 5798
416 908 458 972 96
737 921 819 972 vrrs
842 922 964 973 sarcrr
987 923 1141 973 oswrrnr

414 1105 674 1192 praecedentibus
705 1108 808 1194 signis
842 1131 916 1176 eum
949 1109 1169 1176 venerabilem
1202 1108 1328 1175 habent
1359 1110 1465 1175 omnis

354 1293 357 1298 ,
414 1209 549 1276 ecclesia
571 1209 775 1276 Sanctorum.

545 1481 594 1549 Dc
615 1481 761 1549 ameide
782 1480 942 1548 rooraoobi
964 1481 1194 1550 Romcaicoais
1216 1489 1346 1550 corato.

458 1632 524 1698 Sed
546 1655 589 1698 ex
611 1639 687 1720 post
708 1634 804 1701 factis
825 1655 894 1700 non
915 1635 1041 1700 modice
1064 1635 1169 1700 crevit
1195 1635 1352 1700 memoria
1373 1632 1465 1697 illius

413 1740 448 1800 et
469 1735 573 1821 gloria
604 1736 640 1800 in
674 1742 849 1822 conspectu
871 1737 977 1802 omnis
999 1738 1114 1803 carnis.
1160 1737 1243 1803 Erat
1265 1737 1353 1803 enim
1375 1734 1465 1820 apud

244 1845 398 1897 Amonkor
414 1839 627 1919 Rameseiam,
660 1861 756 1926 quem
791 1841 898 1907 locum
931 1863 1006 1906 eum
1051 1841 1205 1926 fundasse
1242 1840 1466 1928 praediximus,

244 1913 390 2029 fflffi,
413 1944 514 2010 frater
547 1945 682 2030 quidam
715 1945 892 2009 admodum
926 1945 1171 2032 congregationi
1210 1944 1311 2022 utilis,
1349 1947 1466 2028 utpote

244 2059 344 2108 cancer,
413 2047 558 2111 moribus
590 2046 690 2123 mitis,
720 2047 832 2111 suavis
864 2047 1034 2124 consortie,
1057 2047 1151 2131 cujus
1182 2046 1299 2112 faciem
1332 2045 1466 2110 morbus

412 2147 468 2212 ille
509 2149 566 2234 qui
615 2169 729 2214 cancer
767 2147 889 2213 dicitur
937 2153 1006 2212 tam
1049 2149 1177 2234 potenti
1215 2148 1356 2224 horrore,
1395 2151 1464 2212 tam

411 2251 540 2335 patenti
572 2250 678 2315 ulcere
711 2250 933 2328 damnaverat,
957 2255 997 2313 ut
1030 2250 1232 2336 consumptis
1256 2249 1409 2315 carnibus
1432 2253 1466 2312 et

411 2358 495 2430 oute,
511 2352 601 2417 nuda
623 2351 823 2428 mandibula,
839 2351 922 2415 nudi
945 2351 1061 2415 dentes
1084 2357 1288 2437 apparerent.
1337 2349 1466 2416 Cavens

411 2459 522 2520 autem
545 2476 587 2519 ne
609 2458 679 2519 tam
702 2453 835 2518 horrida
865 2453 967 2539 pestis
990 2459 1158 2538 aspectum
1181 2453 1361 2518 offenderet
1384 2453 1463 2516 alio-

410 2579 492 2635 rum,
515 2555 686 2622 maxillam
718 2577 862 2642 appenso
895 2555 969 2620 velo
999 2555 1126 2642 jugiter
1159 2561 1341 2620 contectam
1364 2554 1463 2619 habc-

410 2659 477 2736 bat,
511 2659 568 2724 sed
602 2680 677 2724 cum
715 2657 847 2722 morbus
885 2657 993 2721 indies
1031 2661 1215 2743 augeretur,
1255 2678 1371 2721 verens
1409 2656 1465 2720 ille

411 2760 482 2824 fieri
504 2760 662 2826 fratribus
684 2760 721 2824 in
743 2759 956 2824 offensionem
979 2764 1014 2824 et
1034 2759 1232 2836 scandalum,
1247 2759 1283 2822 in
1299 2759 1464 2844 quandam

410 2885 547 2947 parvam
579 2863 721 2928 insulam
753 2883 853 2948 prope
876 2862 1110 2927 monasterium
1133 2861 1280 2938 divertit,
1303 2861 1465 2947 accipiens

411 2966 526 3031 diebus
560 2965 699 3052 singulis
721 2963 880 3029 alimenta
903 2986 924 3028 a
950 2965 1156 3041 monasterio,
1179 2965 1238 3028 ubi
1260 2963 1464 3049 aliquamdiu

411 3068 474 3131 sibi
497 3067 613 3133 vivens
636 3067 780 3132 animam
802 3067 838 3130 in
862 3067 1091 3143 amaritudine,
1110 3067 1215 3131 vitam
1237 3067 1337 3132 taedio
1360 3068 1463 3153 possi-

411 3169 517 3234 debat.
565 3169 682 3254 Neque
704 3169 735 3234 ei
769 3168 892 3253 absque
930 3167 1040 3233 dolore
1073 3167 1171 3233 cessit
1202 3169 1291 3253 quod
1321 3168 1460 3233 fratrum

411 3271 573 3335 consortio
605 3270 807 3356 privabatur.
868 3269 994 3334 Aderat
1025 3275 1137 3334 autem
1169 3269 1239 3334 dies
1272 3269 1368 3335 Beati
1403 3270 1464 3336 Os-

410 3372 677 3450 waldi,celeb1is
711 3372 796 3436 clero
829 3377 863 3436 et
891 3371 1019 3456 populo.
1068 3370 1129 3436 Ille
1162 3377 1275 3438 autem
1309 3374 1465 3438 interesse

411 3475 545 3559 cupiens
578 3473 788 3548 solemnitati,
827 3472 977 3537 ministro
1020 3494 1079 3537 suo
1117 3472 1296 3538 eomitante
1334 3495 1462 3538 monas-

410 3576 530 3640 terium
567 3575 659 3652 adiit,
698 3581 732 3640 et
763 3575 799 3638 in
837 3579 959 3640 secreto
993 3573 1136 3640 ccclesiae
1170 3574 1240 3640 loco
1275 3576 1463 3653 consistere,

410 3677 525 3742 orandi
558 3677 668 3742 studio
699 3675 906 3762 invigilabat.
952 3675 1094 3761 Expleto
1128 3676 1194 3740 diei
1218 3675 1323 3742 officio
1346 3677 1464 3756 Missae,

410 3778 526 3844 fratres
564 3779 688 3865 pietate
727 3779 819 3843 ducti
860 3777 896 3840 in
934 3777 1076 3842 insulam
1114 3799 1258 3843 remeare
1296 3779 1461 3845 volentem

410 3881 632 3958 detinuerunt,
655 3901 693 3945 ao
722 3880 845 3966 pariter
867 3878 997 3944 reficere
1020 3884 1204 3964 coegerunt.
1250 3879 1465 3946 Introductus

410 3981 446 4045 in
468 3982 675 4048 refectorium
708 4002 777 4046 sese
815 4001 960 4044 seorsum
983 3980 1133 4058 contulit,
1157 3979 1269 4065 ibique
1292 3981 1323 4046 ei
1346 3982 1464 4047 fratres

409 4084 584 4170 diligenter
616 4082 857 4148 ministrabant.
920 4081 1122 4147 Servabatur
1158 4083 1196 4146 in
1233 4083 1369 4149 ecdesia
1406 4085 1467 4150 illa

409 4186 525 4270 ciphus
548 4208 613 4270 quo
635 4187 751 4250 beatus
773 4189 868 4271 pater
892 4182 1065 4248 Osvvaldus
1080 4183 1189 4250 adhuc
1211 4185 1329 4250 vivens
1351 4187 1462 4251 bibere

242 4288 392 4406 qansoq
410 4308 507 4350 usum
538 4286 687 4352 habebat.
748 4287 822 4352 Hoc
853 4308 931 4352 vase
965 4286 1001 4350 in
1033 4285 1125 4350 festis
1163 4287 1279 4351 diebus
1311 4289 1462 4374 praedicti

241 4359 522 4486 {ufflhpatris
545 4394 619 4473 post
640 4389 849 4455 refectionem
875 4389 1042 4475 praemissa
1056 4411 1151 4474 prece
1173 4395 1289 4476 potum
1312 4390 1462 4456 libabant

242 4487 357 4540 isauron.
411 4511 523 4554 omnes
553 4489 677 4554 fratres.
724 4491 798 4556 Hac
834 4492 947 4576 itaque
980 4490 1033 4555 die
1071 4513 1146 4556 cum
1184 4491 1339 4576 poculum
1371 4493 1461 4557 istud

410 4594 596 4677 grrstassem
628 4590 781 4668 universi,
811 4591 941 4658 infirmo
976 4591 1034 4677 qui
1067 4591 1205 4656 ultimus
1237 4593 1372 4658 sedebat
1403 4616 1462 4660 vas

411 4713 485 4758 curn
523 4697 605 4777 potu
643 4692 796 4773 defertur,
829 4695 918 4780 quod
955 4693 1011 4760 ille
1048 4694 1244 4780 suspirando
1282 4695 1462 4782 suscipiens
1527 4728 1529 4730 v
