3410 5840
568 933 749 982 turnucum
771 933 796 980 s.
821 931 1002 980 uniuntur.
1241 919 1301 980 541

253 1119 318 1197 siis,
342 1119 497 1205 majestas
526 1119 691 1184 Altissimi
725 1119 936 1186 collaudetur.
983 1117 1162 1204 Cupientes
1195 1117 1305 1202 itaque

254 1227 294 1286 ut
315 1220 513 1287 cathedralis
536 1221 672 1287 ecclesie
707 1221 920 1286 Eboreeensis
954 1221 1106 1306 congruis
1128 1219 1306 1285 honoribus

253 1321 491 1408 frequentetur,
526 1322 567 1388 de
605 1322 851 1409 Omnipotentis
897 1321 960 1386 Dei
1005 1321 1236 1398 misericordia,
1274 1326 1308 1385 et

254 1423 426 1489 beatorum
448 1423 538 1488 Petri
562 1430 597 1488 et
627 1423 724 1488 Pauli
747 1423 982 1510 Apostolorum
1006 1423 1088 1508 Ejus
1110 1422 1308 1488 auctoritate

254 1524 378 1603 confisi,
412 1525 565 1591 omnibus
599 1546 675 1590 vere
707 1524 948 1612 poenitentibus
983 1529 1017 1589 et
1048 1523 1213 1602 confessis,
1250 1525 1309 1609 qui

254 1627 392 1692 eandem
415 1627 583 1693 ecclesium
606 1625 725 1692 devote
741 1626 954 1692 visitaverint
976 1627 1149 1692 unnuctim
1172 1626 1209 1690 in
1224 1625 1308 1691 festo

256 1727 435 1807 Guillelmi‚
458 1727 552 1814 cujus
575 1749 692 1814 corpus
726 1729 761 1792 in
793 1728 906 1794 eedem
938 1727 1074 1794 ecclesio
1107 1729 1309 1812 requiescere

255 1830 386 1907 dicitur,
409 1836 443 1896 et
465 1851 524 1916 per
547 1835 620 1896 octo
643 1830 713 1895 dies
736 1829 858 1895 festum
893 1829 1001 1916 ipsum
1036 1827 1228 1894 immediate
1260 1851 1309 1894 se·

256 1937 403 2017 quentes,
427 1953 530 1996 unum
565 1951 690 1996 annum
724 1936 759 1996 et
792 1930 1014 2016 quadraginta
1047 1929 1118 1996 dies
1149 1931 1309 2016 injunctae

257 2033 319 2097 sibi
336 2033 544 2118 poenitentiae
560 2032 815 2098 misericorditer
829 2031 1024 2098 relaxamus.
1071 2030 1197 2098 Datum
1220 2034 1309 2119 opud

256 2133 383 2199 Urbem
421 2134 585 2209 Veterem,
623 2133 741 2220 quinto
780 2133 861 2199 Idus
904 2133 1058 2219 Augusti,
1095 2133 1308 2220 pontificatus

256 2235 361 2302 nostri
383 2255 471 2300 enno
493 2240 620 2322 quarto.

216 2333 222 2348 ’
301 2337 413 2405 Istum
450 2335 708 2422 indulyentiosm
741 2329 980 2422 prescriptam
1016 2337 1213 2424 impetravit
1250 2339 1309 2406 do·
1323 2332 1384 2384 Thi*
1397 2349 1449 2385 '¹¹⁸

256 2440 378 2507 mistus
401 2437 591 2525 supultus
614 2438 766 2523 Manlum,
790 2437 1055 2504 archidiaconus
1079 2429 1309 2520 Cl‘iuelandioe,
1322 2403 1479 2530 iffiliiien

257 2540 304 2608 ed
327 2537 465 2606 laudern
487 2539 534 2604 ad
556 2537 717 2606 bonorem
738 2538 804 2608 Dei
826 2545 855 2605 et
879 2538 976 2605 Beati
1006 2539 1176 2607 Willelnri.
1323 2532 1479 2597 ⁶³M⁸¹¹¹²5=

302 2642 367 2708 Hae
397 2647 474 2706 sunt
520 2639 737 2726 indulgentiae
775 2639 1093 2726 arehiepiscpporum
1129 2597 1480 2716 Eboracen-ileiieeiiin

259 2745 345 2808 sium
381 2749 415 2808 et
448 2741 589 2808 eliorum
623 2743 851 2828 episcoporum
886 2743 944 2828 qui
968 2741 1191 2808 Translationi
1215 2745 1311 2812 Beati
1323 2731 1391 2779 ¹⁸⁰³·

259 2845 417 2910 Willelmi
448 2844 679 2924 interfuerunt,
709 2855 869 2910 concessus
907 2845 1060 2910 omnibus
1092 2847 1151 2930 qui
1183 2845 1308 2914 dictum
1322 2817 1414 2948 ἑξξζέε

1323 2951 1363 2999 lor
1374 2955 1423 2999 444

1326 3017 1389 3080 days
1401 3030 1443 3066 are

1326 3081 1401 3144 given
1412 3083 1447 3144 by

528 3165 557 3229 Ο
582 3163 750 3241 Willelmi,
772 3170 885 3250 pastor
908 3165 1000 3244 bone,
1326 3147 1481 3263 ῑξξεζῑξῗζῗ

528 3265 618 3332 Cleri
640 3270 736 3351 peter
758 3273 793 3330 et
815 3271 963 3352 patrone,
1327 3230 1476 3356 incusans.

527 3366 647 3432 Mundi
668 3365 763 3431 nobis
785 3367 821 3432 in
844 3389 948 3453 ugone
1328 3346 1416 3394 Μ·

529 3467 651 3534 Confer
674 3489 779 3552 opem,
804 3473 838 3533 et
860 3469 987 3556 depone

530 3569 619 3636 Vitae
643 3570 762 3645 sordes
786 3576 821 3634 et
844 3590 972 3636 eoronae

622 3669 771 3734 Caelestis
793 3671 836 3735 da
858 3671 987 3757 gaudie.

309 3851 376 3916 Ore
398 3869 457 3934 pro
480 3847 585 3923 nobis,
608 3845 710 3912 Beate
733 3845 900 3923 Willelmi,
925 3853 980 3912 ut:

307 3953 407 4032 Deus,
432 3949 495 4030 Qui
521 3971 581 4013 nos
604 3948 693 4013 beati
710 3947 879 4025 Willelmi,
903 3946 1105 4015 Confessoris
1128 3950 1191 4014 Tui
1215 3957 1315 4037 etque
1330 3980 1443 4043 pm,

263 4052 429 4141 pontificis
455 4049 688 4116 intercessione
721 4048 881 4127 letificas,
913 4051 1055 4118 concede
1089 4053 1254 4138 propitius
1277 4046 1460 4137 ut‘i0·2,f¹⁰¹.¹¹

264 4157 322 4243 qui
357 4155 429 4240 ejus
461 4152 622 4220 beneficia
657 4151 833 4238 poscimus,
866 4151 952 4216 dono
986 4152 1067 4218 Tuae
1098 4155 1217 4240 gratius
1240 4175 1314 4221 con·
1328 4112 1483 4226 lilii.mee

262 4277 446 4344 sequamur·
1059 4259 1064 4267 ·
1330 4242 1468 4358 {piniane

308 4357 425 4432 Jhesu,
454 4363 568 4422 nostre
590 4355 721 4433 fiducie,
743 4354 848 4420 honor
879 4359 991 4420 noster
1025 4361 1059 4420 et
1081 4357 1194 4442 glorie,
1217 4379 1318 4436 umor,
1362 4325 1388 4374 γ’

264 4464 381 4538 virtus,
405 4459 533 4535 leetitic,
556 4459 636 4536 vite,
667 4458 784 4533 virtus,
807 4463 843 4523 et
865 4458 922 4522 via
943 4458 1121 4543 justorum,
1144 4467 1179 4526 et
1201 4463 1319 4548 petria,

264 4565 337 4630 Tun
367 4582 427 4627 nos
449 4561 624 4628 clementia
653 4559 810 4624 Willelmi
845 4579 904 4644 per
940 4559 1097 4646 suffragia
1131 4562 1171 4628 de
1202 4564 1318 4628 mundi

264 4665 397 4731 miserie
433 4663 573 4728 transfer
607 4663 651 4726 od
684 4661 835 4727 coelestia.
898 4659 965 4726 Ore
999 4683 1058 4746 pro
1089 4663 1193 4741 nobis,
1217 4665 1319 4732 Beate

265 4765 434 4842 Willelmi,
457 4773 497 4830 ut
519 4763 612 4849 digni
635 4762 815 4830 efficiemur
836 4763 1108 4848 promissionibus
1131 4763 1263 4832 Christi.
