3586 5802
390 885 455 947 188
544 894 697 948 marcar
719 895 763 946 OF
786 895 881 947 FOUR
903 893 1141 946 translations
1163 895 1208 946 Ol?
1230 896 1328 948 YORK

390 1108 491 1174 quam
512 1087 543 1153 ei
565 1087 748 1154 absurdum
772 1091 807 1153 et
829 1091 944 1154 contra
977 1108 1012 1153 se
1046 1087 1190 1165 videtur,
1222 1086 1337 1152 volens
1369 1109 1444 1154 cum

389 1190 476 1255 bono
521 1189 646 1256 malum
674 1189 819 1266 ,vincera
857 1192 992 1275 propter
1029 1209 1173 1255 amorem
1214 1189 1340 1255 domini
1383 1189 1444 1266 sui,

219 1311 322 1364 Turstin
391 1291 557 1358 concessit.
603 1291 655 1369 Et,
688 1295 727 1356 ut
750 1291 819 1377 ipse
853 1289 1053 1372 concederet,
1076 1290 1210 1355 domino
1241 1290 1352 1376 legato
1381 1289 1444 1354 hu-

219 1381 346 1497 ξωξζῗ)
391 1393 515 1459 militar
548 1391 757 1479 supplicavit
819 1391 927 1472 Quam
959 1391 1233 1478 supplicationem
1271 1412 1338 1458 non
1370 1413 1442 1457 sen·

191 1497 194 1509 “
220 1463 342 1574 affiatu
391 1500 498 1561 satam
524 1516 585 1561 uec
619 1515 733 1559 sanam
756 1515 825 1558 esse
848 1493 879 1558 ei
902 1491 1079 1579 objectans,
1095 1499 1209 1560 tamen
1231 1494 1310 1581 quia
1332 1493 1363 1558 ei
1396 1494 1444 1560 sic

220 1579 379 1697 fflnss‘fmn
390 1597 581 1684 postulabat
602 1597 774 1664 consensit.
821 1596 993 1661 Venerunt
1014 1618 1090 1683 crgo
1112 1602 1251 1683 uterque
1266 1596 1310 1662 ad
1324 1618 1443 1683 regem,

220 1739 309 1789 conon
322 1736 373 1786 „d
391 1701 519 1788 legatus
542 1722 602 1787 pro
624 1703 718 1786 parte
741 1697 846 1784 ipsius
868 1697 1113 1786 archiepiscopi,
1137 1720 1176 1765 ea
1209 1699 1344 1784 quidem
1366 1720 1442 1765 con-

220 1806 263 1854 the
275 1803 338 1867 king
390 1803 555 1880 ventione,
579 1802 658 1886 quia
672 1823 731 1866 rex
747 1800 947 1886 praedixerat
968 1823 1011 1866 ne
1032 1800 1157 1867 faceret
1179 1801 1267 1887 quod
1290 1801 1443 1866 dominus

219 1874 324 1988 iffif
391 1927 478 1992 papa
501 1906 531 1970 ei
554 1909 763 1990 praeceperat,
785 1925 889 1989 usque
911 1903 955 1968 ad
977 1903 1100 1969 festum
1134 1903 1249 1971 Sancti
1272 1903 1443 1970 Michaelis

221 2003 495 2118 Tumapcmcelaffl
518 2030 552 2073 se
576 2007 671 2072 dixit.
718 2006 811 2070 Tunc
833 2027 912 2070 vero
934 2027 995 2070 rex
1018 2011 1053 2071 et
1074 2007 1203 2092 legatus
1233 2005 1332 2071 amici
1353 2005 1443 2083 facti,

220 2078 371 2202 {ididem-
392 2133 466 2177 eum
499 2115 608 2175 essent
639 2109 730 2195 prius
762 2108 1008 2194 aliquantulum
1040 2108 1176 2186 inimici,
1207 2112 1242 2174 et
1282 2107 1443 2194 archiepi-

391 2235 488 2298 scopo
510 2211 607 2277 licuit
629 2210 869 2276 Normanniam
892 2209 1022 2296 ingredi
1046 2215 1080 2275 et
1113 2211 1250 2298 regredi.
1289 2209 1443 2297 Digredi-

391 2321 495 2380 untur
516 2335 575 2378 rex
591 2318 625 2378 et
640 2313 778 2398 legatus,
794 2317 829 2378 et
843 2311 1106 2398 archiepiscopus
1129 2312 1165 2376 in
1179 2312 1353 2379 Franciam
1368 2323 1443 2380 c'um

390 2419 508 2504 legato,
531 2415 655 2482 relictis
689 2415 887 2502 quibusdam
919 2414 961 2480 de
987 2415 1055 2479 suis
1079 2415 1136 2500 qui
1171 2417 1212 2482 de
1244 2416 1445 2483 revestitura

389 2519 688 2604 archiepiscopatus
712 2517 748 2580 in
770 2516 927 2602 Angliam
949 2515 1112 2582 afferrent.
1160 2517 1257 2598 Quod
1272 2523 1443 2584 rex'suum

371 2621 671 2707 'archiepiscopum
688 2619 820 2705 recepit,
843 2618 1028 2699 benefecit3
1052 2619 1141 2704 quod
1155 2641 1233 2686 vero
1256 2621 1299 2686 ab
1322 2621 1445 2708 Anglia

391 2725 500 2790 adhuc
523 2745 598 2788 eum
621 2722 775 2799 detinuit,
798 2742 866 2786 non
889 2721 953 2786 sibi
975 2721 1011 2784 in
1033 2721 1206 2786 sinistrum
1220 2722 1346 2788 recidit.

220 2837 358 2916 ‘ruratipis
438 2827 500 2891 Ille
531 2827 619 2890 enim
646 2847 706 2910 per
728 2824 899 2890 dominum
923 2823 1091 2889 Cononem
1126 2830 1160 2889 et
1193 2847 1252 2910 per
1282 2825 1444 2911 archiepi-

221 2903 353 3021 diffidi
394 2951 515 3016 scopos
550 2933 585 2994 et
623 2929 800 3015 episcopos,
834 2932 869 2992 et
906 2927 1063 3012 primores
1101 2927 1258 3006 Franciae,
1292 2928 1333 2994 dc
1367 2951 1446 3016 pace

222 3036 326 3102 making
395 3032 620 3119 componenda
657 3031 746 3096 inter
779 3053 872 3118 reges
902 3030 1048 3096 studiose
1079 3031 1234 3112 curavit;
1271 3053 1346 3118 quae
1377 3054 1445 3099 non

221 3119 336 3220 ἷξῗξῖω
395 3137 493 3222 longo
527 3141 603 3221 post
634 3139 788 3220 tempore,
821 3154 859 3198 co
881 3124 1102 3220 'potissimum
1139 3139 1376 3200 contrectatore
1410 3140 1446 3202 et

222 3237 339 3302 Eflsslffld
393 3239 584 3314 mediatore,
601 3236 649 3322 (et
671 3237 724 3303 cui
745 3236 786 3300 de
809 3235 1011 3301 Normannis
1033 3256 1094 3300 rex
1117 3235 1317 3302 Francorum
1340 3238 1445 3324 magis

222 3304 380 3353 andrense.
393 3341 471 3406 inde
498 3339 661 3424 credidit)
685 3337 800 3402 multis
831 3337 910 3404 hinc
940 3341 975 3401 et
1005 3335 1074 3402 illic
1103 3336 1364 3424 allegationibus,
1387 3361 1447 3426 per

223 3451 381 3516 Henrypra-
395 3442 458 3507 Dei
490 3442 641 3529 gratiam,
674 3441 717 3505 ad
748 3439 870 3504 bonam
904 3437 1004 3504 finem
1038 3439 1198 3525 perducta
1229 3446 1286 3505 est.
1358 3439 1445 3521 Quia

222 3525 348 3634 {gimo
394 3567 471 3631 ergo
502 3566 561 3609 rex
587 3543 650 3609 hae
679 3541 880 3628 impediente
915 3541 1077 3608 discordia
1109 3563 1131 3606 a
1161 3563 1262 3629 regno
1294 3566 1354 3610 suo
1385 3545 1444 3609 diu

223 3651 351 3717 langland.
393 3647 543 3725 affuerat,
570 3667 650 3732 pace
682 3644 872 3730 composita,
895 3643 1094 3728 quamcitius
1125 3645 1293 3710 commode
1325 3653 1445 3732 posset,

394 3749 492 3813 rebus
531 3748 567 3812 in
600 3749 724 3812 ducatu
762 3745 845 3810 bene
883 3744 1061 3830 dispositis,
1093 3745 1129 3808 in
1163 3767 1300 3831 regnum
1338 3748 1446 3814 redire

223 3865 276 3914 The
289 3863 353 3928 king
395 3851 588 3916 destinavit.
643 3848 698 3912 Ad
720 3847 844 3913 festum
869 3845 984 3913 Sancti
1007 3845 1179 3912 Michaelis
1201 3847 1310 3913 voluit
1340 3850 1446 3916 archi-

221 3943 347 4048 ffiffils
394 3955 564 4040 episcopus
594 3952 631 4016 in
666 3949 823 4035 Angliam
849 3949 999 4026 transire,
1034 3948 1121 4014 sicut
1152 3949 1240 4015 inter
1271 3971 1381 4036 regem
1411 3957 1446 4018 et

222 4073 318 4116 ratum.
393 4057 503 4143 ipsum
536 4057 744 4132 convenerat,
777 4050 834 4116 sed
868 4071 928 4116 rex
960 4049 1112 4136 precibus
1144 4054 1179 4116 et
1204 4050 1377 4118 blanditiis
1411 4060 1446 4120 et

395 4179 493 4226 causa
515 4156 723 4242 negotiorum
746 4153 850 4218 donec
872 4153 943 4238 ipse
966 4153 1030 4216 iret
1053 4151 1206 4218 detinuit.

439 4260 506 4340 Qui
528 4265 563 4325 et
592 4257 655 4323 hac
677 4257 750 4322 viee
773 4255 937 4332 detentus,
968 4254 1047 4340 regi,
1070 4259 1105 4320 et
1136 4253 1387 4342 archiepiscopo,
1411 4265 1446 4325 et

394 4361 554 4449 episcopis
585 4360 617 4423 N
621 4359 811 4436 ormanniae,
834 4358 871 4421 in
893 4357 1074 4443 aliquantis
1105 4355 1266 4423 officiosus
1296 4364 1330 4424 et
1352 4361 1446 4428 utilis

223 4479 315 4530 eonon
395 4465 520 4531 extitit.
577 4461 662 4527 Oum
695 4462 783 4526 enim
816 4460 969 4525 dominus
1004 4458 1096 4526 Oono
1129 4457 1324 4540 Concilium,
1351 4464 1446 4548 quasi

222 4545 351 4662 fflffincfl
394 4564 566 4632 Remensis
583 4563 723 4629 Ooncilii
745 4561 1017 4640 anniversarium,
1041 4561 1082 4627 de
1104 4565 1177 4627 tota
1198 4561 1363 4649 legatione
1386 4585 1447 4633 sua

223 4686 249 4728 at
257 4679 344 4756 ‚Beau-
394 4668 484 4756 apud
515 4665 693 4731 Belvacum
727 4669 946 4742 convocasset,
969 4685 1029 4729 rex
1056 4663 1279 4731 dimissionem
1312 4666 1353 4732 de
1376 4668 1445 4734 suis

222 4751 359 4860 {ffe’hasshe
394 4769 554 4859 episcopis
576 4773 612 4834 et
633 4767 810 4835 abbatibus
833 4766 998 4854 quaesivit,
1021 4766 1078 4833 sed
1109 4787 1177 4834 non
1208 4767 1273 4834 nisi
1307 4769 1344 4835 in
1374 4791 1444 4837 am-

221 4875 327 4940 blahops
