3606 5798
626 894 862 958 nnounrsnors
885 896 928 946 or
951 896 1055 946 roan.
1302 883 1367 950 313

315 1085 491 1171 paritatem
524 1107 590 1173 qua
623 1086 797 1173 aequaliter
828 1087 977 1154 fundatae
1001 1092 1090 1164 sunt,
1113 1089 1150 1154 in
1182 1087 1368 1155 sectarum1

146 1187 211 1236 Pnu.
224 1187 248 1238 ii·
261 1186 469 1254 oscandus
491 1187 687 1254 divisenmt.
727 1186 897 1252 Nimirum
920 1194 1081 1275 quarunt
1096 1209 1172 1274 quo
1186 1211 1252 1258 sua
1274 1196 1368 1268 ment,

314 1293 349 1353 et
371 1309 444 1354 noa
466 1310 540 1376 qua
561 1289 647 1357 Josa
672 1287 804 1358 Christi
815 1313 827 1368 ;
859 1295 894 1354 et
925 1291 1046 1357 ideireo
1080 1291 1224 1358 obducta
1246 1294 1368 1358 mentis

284 1389 382 1482 'asie
404 1376 566 1468 oberrant,
591 1396 625 1456 et
658 1412 733 1476 qum
763 1390 804 1456 de
827 1393 1021 1476 praetaxatis
1039 1392 1200 1458 -eoolesiis
1223 1392 1366 1460 Romani

313 1493 483 1577 pontifices
506 1494 542 1560 in
564 1493 633 1559 suis
655 1491 837 1579 privilegiis
860 1498 1024 1572 statuunt,
1047 1499 1108 1560 aut
1129 1496 1271 1562 scienter
1294 1518 1367 1562 nes-

313 1595 415 1672 ciunt,
439 1599 500 1660 aut
530 1595 622 1660 fastu
646 1594 766 1662 mentis
797 1593 966 1662 intellecta
1001 1596 1196 1681 despiciunt.
1242 1598 1366 1664 Verum
1379 1626 1434 1674 The
1448 1626 1499 1675 evi-

314 1696 463 1780 quisquis
499 1696 684 1762 Historiam
718 1697 904 1782 Anglorum
944 1697 1071 1782 legerit,
1111 1703 1145 1762 et
1182 1700 1239 1766 via
1273 1701 1366 1786 regia
1380 1693 1459 1806 ξω
1471 1694 1499 1741 ⁰f

312 1798 464 1882 gradiens
486 1798 660 1864 lectionem
683 1796 778 1884 ejus2
801 1799 991 1864 memoriter
1013 1800 1170 1878 tenuerit,
1194 1802 1366 1888 perspicue
1398 1767 1485 1823 mm

313 1899 496 1986 intelligere
518 1901 650 1986 poterit,
674 1900 763 1986 quod
786 1899 845 1966 ille
868 1900 1081 1986 professionis
1116 1903 1255 1980 exactio,
1281 1905 1368 1971 siout

313 2002 485 2066 evidenter
522 2002 638 2068 obviat
676 2002 810 2079 rationi,
849 2001 899 2067 ita
936 2003 1008 2068 sine
1047 2002 1149 2068 dubio
1187 2005 1366 2090 primitive

314 2103 491 2168 earundem
525 2103 733 2170 eeclesiarum
765 2102 962 2169 adversatur
996 2103 1210 2172 irmtitutioni.
1268 2106 1366 2172 Unde
1379 2137 1433 2186 Tha

314 2203 396 2268 mihi
443 2209 513 2270 tam
558 2204 716 2270 Historiae
754 2205 948 2290 Anglorum,
998 2225 1098 2289 quam
1146 2206 1367 2295 Oronieorum
1380 2203 1492 2316 rutrrlor’s

313 2327 440 2370 necnon
478 2311 512 2370 et
553 2305 820 2391 Apostolioorum
857 2306 1108 2392 privilegiorum
1157 2309 1367 2376 collationem
1380 2277 1524 2399 {dsgiddldd

314 2407 456 2484 facienti,
481 2407 617 2473 tandem
648 2408 759 2473 animo
793 2406 965 2474 oonsedit³
987 2409 1030 2472 ob
1052 2409 1266 2494 antiquitatis
1301 2403 1530 2518 me-‡fi⁰⁰⁰”}l⁰f

314 2511 451 2576 moriam
474 2510 518 2576 ad
551 2511 756 2596 posteritatis
778 2510 936 2576 notitiam
972 2531 1085 2576 omnes
1110 2511 1367 2580 Eboraoensium
1381 2483 1484 2597 sinidi
1497 2497 1524 2584 {0

313 2612 508 2698 pontificum
538 2612 768 2689 nossessiones,
800 2634 821 2678 a
856 2612 979 2678 Sancto
1014 2613 1155 2679 Paulino
1188 2636 1293 2700 usquo
1325 2600 1495 2715 adsslfrgffie
1509 2601 1539 2650 ⁰f

313 2715 543 2800 pontificatum
566 2715 767 2781 venerabilis
799 2715 966 2781 memoriae
990 2715 1188 2780 Thurstini⁴
1208 2717 1370 2804 arehiepi-
1485 2704 1491 2716 ⁶

314 2817 412 2903 scopi,
435 2839 477 2882 ex
500 2817 616 2884 ordine
639 2839 769 2902 ponere,
803 2817 950 2902 etquid,
986 2815 1087 2902 quis,5
1118 2817 1173 2882 vel
1205 2821 1369 2904 quomodo

314 2940 374 3005 pro
397 2918 532 2984 eeclesia
563 2917 621 2984 illa
643 2921 754 3006 egerit,
780 2919 833 2984 vel
855 2939 972 3004 passus
995 2919 1049 2996 sit,
1071 2925 1235 3005 quantum
1259 2923 1369 3007 parvi-

314 3020 379 3084 tati
401 3041 482 3084 meae
505 3019 707 3090 innotescere
730 3020 849 3106 potuit,
872 3019 915 3084 ad
938 3019 1129 3086 memoriam
1152 3043 1313 3088 revocare.

315 3269 442 3351 Quon⁶
466 3269 626 3338 Sinarus
658 3270 753 3336 Pura
788 3270 994 3338 osroenos
1027 3273 1286 3341 Esomonrsnu
1309 3294 1365 3343 uo-

313 3371 487 3437 ounsmn⁷
510 3391 551 3438 nr
576 3372 880 3440 Camenarunsnu
903 3389 1213 3442 oonsrrrurnnssn
1236 3379 1366 3446 rsaus.⁸

358 3513 570 3604 Eboraeensis
593 3512 735 3588 eeclesia,
759 3511 836 3578 lieet
851 3510 1083 3578 Cantuariensi
1107 3515 1235 3581 divitiis
1258 3518 1366 3603 impar
1380 3544 1433 3596 (tre

312 3619 346 3680 et
383 3620 514 3680 terrena
551 3613 710 3699 potentia,
743 3613 815 3698 pari
853 3617 967 3678 tamon
1006 3614 1172 3700 dignitate
1211 3620 1364 3702 quamvis
1378 3561 1515 3726 2²in

311 3717 483 3801 posteriori
506 3721 654 3802 tempore
676 3715 825 3791 fundata,
848 3721 883 3780 et
906 3715 1019 3779 eadem
1043 3721 1207 3802 potestate
1243 3741 1308 3805 qua
1331 3729 1366 3785 et
1379 3680 1507 3796 ριῗωῐὲξξ

146 3823 299 3937 issegaffl·
312 3820 561 3885 Cantuariensis
610 3817 747 3884 ecclesia
784 3823 834 3882 est
872 3817 1060 3897 sublimata,
1100 3820 1364 3905 Apostolicorum
1379 3811 1507 3928 ξὲἕορὲξ

311 3941 441 4006 quoque
463 3921 712 4007 privilegiorum
735 3919 930 4007 dignatione
953 3920 1143 3984 indissimili
1165 3924 1365 3989 auctoritato
1378 3945 1482 4008 terbury

311 4025 512 4090 confirmata.
584 4023 756 4109 Siquidem
793 4021 911 4088 beatus
957 4043 1044 4108 papa
1092 4022 1268 4110 Gregorius
1306 4026 1365 4092 ubi
1379 4011 1517 4126 ‘fflhffl'

345 4260 507 4326 ¹sertarum]
529 4259 624 4320 susc.
896 4255 964 4305 ⁶No
976 4253 1063 4306 titlein
1074 4257 1104 4306 E.
1138 4257 1365 4324 QuodpapsGre-

344 4341 355 4374 ²
372 4340 438 4408 ejus]
460 4354 540 4402 suam,
551 4339 580 4388 F.
644 4351 655 4372 ·
862 4333 949 4400 gorius
960 4335 1147 4385 Eboraeensem
1159 4337 1291 4388 eeclesiam
1300 4339 1366 4390 Ceu·

345 4421 356 4454 ³
374 4417 497 4483 comedit]
518 4415 618 4478 insedit,
637 4415 672 4466 A,
693 4415 724 4464 B.
738 4412 766 4466 C.
780 4413 812 4463 D.
862 4412 983 4462 tuariensi
1000 4413 1130 4464 constituit
1148 4429 1202 4465 esse
1219 4431 1315 4479 parem,
1335 4419 1365 4470 C.

312 4501 343 4550 E.
356 4500 388 4551 G.
398 4519 405 4558 ς
423 4497 520 4558 incidit,
531 4497 561 4546 F.
863 4492 892 4542 F.

346 4579 356 4611 ⁴
378 4575 523 4639 Thurstini]
553 4573 668 4640 magistri
693 4570 814 4625 Willeimi
897 4569 1066 4636 ⁷ecclesianr]
1098 4587 1143 4620 om.
1167 4579 1222 4623 text
1244 4577 1296 4625 aud
1318 4577 1365 4638 Ε.;

312 4661 336 4708 la
348 4657 500 4718 Sonohe,B.
512 4656 546 4705 1).
558 4655 587 4704 F.
865 4649 911 4698 ius.
925 4648 959 4698 A.
972 4649 1002 4698 B.
1016 4648 1045 4701 C.
1059 4649 1092 4698 D.
1104 4650 1134 4699 F.
1148 4649 1179 4700 G.

345 4736 355 4768 ⁵
374 4733 442 4798 quid,
454 4732 523 4799 quis]
544 4730 655 4797 quisquis
677 4729 760 4791 fuerit,
779 4729 812 4778 A.
898 4727 909 4759 ⁸
925 4725 1016 4792 pares]
1037 4741 1133 4790 palem,
1145 4729 1179 4780 Α.
1192 4727 1220 4780 O.
1233 4729 1261 4780 F.
