3410 5840
575 913 675 963 arvus
699 913 742 962 cr
765 911 835 962 rna
858 913 1104 962 suenrusnors.
1286 895 1351 965 527

299 1107 445 1188 ternpore
470 1101 587 1187 prioris
618 1101 723 1166 officio
756 1101 889 1166 functus
913 1101 1038 1178 fuisset,
1062 1101 1172 1186 gratia
1203 1101 1352 1166 arctioris

298 1205 378 1270 vitae
413 1210 448 1269 et
482 1205 643 1269 desiderio
676 1204 809 1288 majoris
844 1204 1055 1288 profectionis
1087 1222 1250 1282 accensus,
1274 1226 1347 1270 cum

298 1309 354 1372 xii.
387 1307 461 1370 aliis
493 1305 660 1370 monachis
694 1305 931 1369 monasterium
967 1305 1081 1368 exivit.
1141 1305 1238 1369 Unde
1273 1327 1350 1368 mox

299 1409 466 1472 Bernardo
504 1407 618 1470 abbati
658 1405 904 1470 Claraevallensi
942 1427 976 1470 se
1016 1406 1191 1482 tradentes,
1228 1405 1350 1472 Cister-

298 1509 454 1576 tiensium
488 1508 721 1574 monachorum
754 1509 981 1572 observantias
1016 1515 1237 1595 susceperunt,
1269 1532 1350 1594 quas

299 1633 402 1696 nsque
425 1611 522 1676 hodie
546 1631 621 1674 cum
644 1611 712 1674 suis
735 1609 928 1694 sequacibus
952 1609 1130 1696 diligenter
1151 1611 1337 1676 observant.

345 1715 499 1778 Instituit
531 1735 659 1798 quoque
695 1717 729 1777 et
762 1712 945 1798 privilegiis
969 1715 1037 1777 suis
1072 1714 1282 1779 confirmavit
1315 1715 1350 1778 in
1364 1717 1487 1793 rlisaeti-
1553 1767 1557 1770 .

299 1815 433 1880 ecclesia
467 1815 581 1880 Sancti
605 1813 695 1878 Petri
719 1813 933 1878 Eboraccnsis
956 1819 990 1879 et
1012 1817 1049 1878 in
1071 1816 1198 1880 ceteris
1221 1837 1350 1882 monas·
1363 1785 1518 1916 {sssseffity

299 1917 392 1982 teriis
425 1938 494 1982 sure
517 1917 690 2004 potestatis
726 1917 761 1980 in
794 1917 915 2001 quibus
938 1924 1176 1982 conversantur
1198 1920 1348 1984 canonici

301 2019 480 2096 saeculares,
504 2023 551 2094 ut,
584 2039 658 2084 cum
694 2025 906 2095 morerentur,
942 2039 1001 2104 pro
1033 2020 1206 2085 animabus
1238 2042 1350 2088 eorum

242 2157 249 2174 ·
299 2144 358 2208 per
394 2143 496 2186 unum
520 2141 645 2184 annum
682 2119 830 2186 redditus
854 2120 1107 2205 praebendarum
1130 2143 1265 2186 suarum
1289 2145 1347 2188 ex·

131 4373 187 4424 Ric.
200 4375 230 4424 ol

133 4441 261 4500 Hexham,

133 4523 153 4557 c.
168 4513 190 4556 6.

300 2223 527 2310 penderentur.
575 2223 690 2286 Terras
724 2229 835 2286 autern
868 2221 911 2286 ad
946 2241 1091 2288 mensam
1116 2222 1229 2288 Sancti
1261 2223 1368 2315 Petri·

299 2326 510 2411 pertinentes,
543 2346 617 2408 qnae
659 2323 711 2387 vel
751 2325 882 2408 penitus
923 2322 1044 2388 ablatae
1088 2324 1142 2390 vel
1188 2326 1352 2390 inutiliter

299 2433 466 2513 occupatae
489 2425 542 2491 vel
567 2426 723 2511 dispersae
758 2431 864 2502 erant,
888 2426 1094 2510 recuperavit
1118 2433 1152 2491 et
1175 2427 1349 2514 recollegit.

300 2530 428 2595 Praedia
462 2549 591 2614 quoque
615 2533 650 2592 et
685 2533 788 2592 terras
812 2533 846 2592 et
869 2527 1018 2592 redditus
1051 2528 1351 2616 archiepiscopatus

297 2639 490 2707 restaurare,
514 2631 696 2706 emendare,
713 2629 944 2714 multiplicare,
959 2629 1116 2705 edificiis,
1131 2631 1351 2716 agriculturis,

297 2735 393 2798 bonis
428 2733 556 2818 legibus
579 2752 700 2816 magno
723 2730 834 2794 studio
859 2731 1058 2815 procuravit.
1107 2731 1214 2810 Quam
1239 2734 1351 2798 crebro

297 2837 466 2922 premissa
499 2835 699 2898 confessione
724 2855 782 2918 pro
817 2833 958 2917 peccatis
981 2835 1050 2896 suis
1084 2840 1118 2898 et
1152 2836 1348 2922 corporalem

301 2939 481 3003 vindictam
531 2937 679 3014 subierit,
719 2942 752 2999 et
791 2957 889 3020 quani
929 2935 1081 3000 assiduus
1120 2941 1153 3000 et
1204 2938 1352 3002 intentus

298 3042 446 3127 privatas
470 3038 635 3102 orationes
668 3035 938 3120 frequentaverit,
957 3003 997 3099 lu
1021 3057 1120 3120 quam
1144 3037 1294 3102 ordinate
1318 3046 1352 3103 et

298 3141 444 3205 studiose
487 3139 623 3204 diurnas
654 3145 689 3200 et
722 3142 900 3201 nocturnas
935 3135 1045 3201 Horas
1079 3138 1282 3221 persolverit,
1317 3145 1351 3204 et
1365 3143 1500 3208 Hispiety.

298 3264 397 3328 quam
414 3241 591 3326 diligenter
613 3245 648 3304 et
671 3261 770 3323 quarn
795 3239 914 3302 devote
938 3259 1013 3302 cunr
1030 3239 1136 3303 cordis
1152 3241 1351 3305 contritione

298 3351 333 3410 et
370 3344 592 3428 lacrymarum
632 3341 790 3406 effusione
829 3345 1036 3404 sacrosancta
1076 3339 1250 3405 Missurum
1289 3343 1352 3407 sol-

299 3447 421 3512 lemnia
456 3443 678 3518 celebraverit,
714 3441 846 3507 excedit
881 3442 1016 3506 modum
1040 3447 1075 3505 et
1111 3443 1197 3508 vires
1232 3451 1352 3510 nostrae

301 3548 477 3634 parvitatis
511 3545 692 3610 enuntiare.
740 3544 899 3606 Luxuriei
934 3542 1109 3608 colluviem
1145 3566 1351 3630 persequens,

301 3651 514 3736 quantumin
538 3669 571 3712 se
587 3653 622 3710 et
645 3647 679 3710 in
696 3646 770 3710 aliis
794 3645 958 3710 castitatis
974 3645 1172 3709 munditiam
1189 3647 1351 3725 dilexerit,

301 3757 428 3838 quanta
462 3749 673 3834 benignitate
705 3753 741 3812 et
774 3745 984 3810 humanitate
1030 3745 1190 3830 cujusque
1223 3751 1352 3833 generis

299 3853 467 3938 religiosos
502 3849 690 3934 susceperit,
716 3847 907 3933 protexerit,
940 3845 1161 3924 honoraverit,
1184 3855 1219 3914 et
1252 3873 1350 3935 quam

300 3959 449 4021 accurate
507 3949 711 4037 quibuslibet
776 3948 1032 4014 advenientibus
1088 3949 1351 4036 hospitalitatem

301 4056 500 4130 exhibuerit,
533 4060 568 4119 et
599 4074 701 4137 quam
735 4051 850 4115 firmus
884 4054 919 4114 et
951 4055 1105 4116 constans
1137 4052 1173 4116 in
1206 4053 1353 4122 amicitie

301 4159 410 4235 fuerit,
433 4163 468 4221 et
490 4177 589 4242 quarn
606 4156 714 4240 largas
736 4151 885 4238 qnotidie
909 4151 1138 4237 indigentibus
1160 4154 1352 4222 elemosinas

301 4259 519 4334 distribuerit,
541 4263 576 4321 et
608 4255 797 4321 decreberis
832 4253 903 4338 ejus
935 4253 1118 4318 virtutibus
1150 4256 1267 4320 melius
1296 4258 1352 4342 ju-

300 4364 408 4429 dicavi
430 4369 514 4425 silere
537 4387 624 4440 qnam
640 4384 743 4439 parum
766 4366 869 4420 dicare.
917 4355 999 4420 Erat
1021 4377 1165 4441 namque
1187 4357 1351 4444 orphano-

300 4489 372 4530 rum
408 4463 498 4528 mitis
531 4468 633 4548 pater,
669 4465 703 4524 et
735 4459 911 4522 viduarum
956 4464 1149 4522 mansuetus
1183 4467 1350 4545 patronus,

300 4586 527 4653 oppressorum
569 4563 738 4648 protectio,
772 4560 995 4624 desolatorum
1030 4559 1220 4637 consolatio,
1265 4563 1350 4627 indi-

298 4669 449 4757 gentium
489 4667 657 4740 recreatio,
688 4683 865 4748 pravorum
911 4661 1068 4740 conlusio,
1103 4667 1137 4727 et
1184 4661 1347 4734 bonorum

299 4771 470 4844 exultatio,
