<?xml version="1.0" encoding="UTF-8"?>
<!DOCTYPE html PUBLIC "-//W3C//DTD XHTML 1.0 Transitional//EN"
    "http://www.w3.org/TR/xhtml1/DTD/xhtml1-transitional.dtd">
<html xmlns="http://www.w3.org/1999/xhtml" xml:lang="en" lang="en">
 <head>
  <title>
</title>
<meta http-equiv="Content-Type" content="text/html;charset=utf-8" />
  <meta name='ocr-system' content='tesseract 3.04.00' />
  <meta name='ocr-capabilities' content='ocr_page ocr_carea ocr_par ocr_line ocrx_word'/>
</head>
<body>
  <div class='ocr_page' id='page_1' title='image "./historianschurc00raingoog/historianschurc00raingoog_0126.png"; bbox 0 0 3582 5798; ppageno 0'>
   <div class='ocr_carea' id='block_1_1' title="bbox 448 913 1173 975">
    <p class='ocr_par' dir='ltr' id='par_1_1' title="bbox 448 913 1173 975">
     <span class='ocr_line' id='line_1_1' title="bbox 448 913 1173 975; baseline -0.004 0"><span class='ocrx_word' id='word_1_1' title='bbox 448 913 491 975; x_wconf 74' lang='lat'><strong>84</strong></span> <span class='ocrx_word' id='word_1_2' title='bbox 769 922 851 972; x_wconf 74' lang='lat' dir='ltr'><strong>vlrs</strong></span> <span class='ocrx_word' id='word_1_3' title='bbox 873 921 995 972; x_wconf 74' lang='lat' dir='ltr'><strong>SANC&#39;I&#39;I</strong></span> <span class='ocrx_word' id='word_1_4' title='bbox 1018 921 1173 972; x_wconf 82' lang='lat' dir='ltr'>OSWALDI</span> 
     </span>
    </p>
   </div>
   <div class='ocr_carea' id='block_1_2' title="bbox 186 1107 1498 1413">
    <p class='ocr_par' dir='ltr' id='par_1_2' title="bbox 186 1107 1498 1413">
     <span class='ocr_line' id='line_1_2' title="bbox 279 1107 1498 1196; baseline 0.002 -28"><span class='ocrx_word' id='word_1_5' title='bbox 279 1116 415 1196; x_wconf 70' lang='lat' dir='ltr'><strong>ominis</strong></span> <span class='ocrx_word' id='word_1_6' title='bbox 446 1110 611 1196; x_wconf 87' lang='lat' dir='ltr'><strong>exemplis.</strong></span> <span class='ocrx_word' id='word_1_7' title='bbox 660 1109 809 1190; x_wconf 82' lang='lat' dir='ltr'><strong>Quodam</strong></span> <span class='ocrx_word' id='word_1_8' title='bbox 833 1109 945 1194; x_wconf 84' lang='lat' dir='ltr'><strong>itaque</strong></span> <span class='ocrx_word' id='word_1_9' title='bbox 969 1115 1115 1195; x_wconf 89' lang='lat' dir='ltr'><strong>tempore</strong></span> <span class='ocrx_word' id='word_1_10' title='bbox 1136 1129 1212 1174; x_wconf 91' lang='lat' dir='ltr'><strong>cum</strong></span> <span class='ocrx_word' id='word_1_11' title='bbox 1235 1107 1359 1172; x_wconf 88' lang='lat' dir='ltr'><strong>rediret</strong></span> <span class='ocrx_word' id='word_1_12' title='bbox 1378 1107 1498 1170; x_wconf 87' lang='lat' dir='ltr'><strong>Rame-</strong></span> 
     </span>
     <span class='ocr_line' id='line_1_3' title="bbox 277 1192 1497 1318; baseline -0.007 -40"><span class='ocrx_word' id='word_1_13' title='bbox 277 1192 427 1318; x_wconf 52' lang='lat' dir='ltr'><strong>{giffigy</strong></span> <span class='ocrx_word' id='word_1_14' title='bbox 445 1214 548 1278; x_wconf 83' lang='lat' dir='ltr'><strong>seiam</strong></span> <span class='ocrx_word' id='word_1_15' title='bbox 579 1213 702 1278; x_wconf 89' lang='lat' dir='ltr'><strong>Beatus</strong></span> <span class='ocrx_word' id='word_1_16' title='bbox 725 1211 899 1277; x_wconf 84' lang='lat' dir='ltr'><strong>Oswaldus</strong></span> <span class='ocrx_word' id='word_1_17' title='bbox 922 1233 997 1276; x_wconf 92' lang='lat' dir='ltr'><strong>cum</strong></span> <span class='ocrx_word' id='word_1_18' title='bbox 1020 1211 1120 1276; x_wconf 89' lang='lat' dir='ltr'><strong>turba</strong></span> <span class='ocrx_word' id='word_1_19' title='bbox 1142 1209 1287 1297; x_wconf 86' lang='lat' dir='ltr'><strong>plurima</strong></span> <span class='ocrx_word' id='word_1_20' title='bbox 1314 1213 1348 1274; x_wconf 88' lang='lat' dir='ltr'><strong>et</strong></span> <span class='ocrx_word' id='word_1_21' title='bbox 1378 1212 1497 1273; x_wconf 88' lang='lat' dir='ltr'><strong>ornatu</strong></span> 
     </span>
     <span class='ocr_line' id='line_1_4' title="bbox 186 1311 1496 1413; baseline -0.004 -34"><span class='ocrx_word' id='word_1_22' title='bbox 186 1402 192 1413; x_wconf 34' lang='grc' dir='ltr'>Ι</span> <span class='ocrx_word' id='word_1_23' title='bbox 278 1315 387 1368; x_wconf 62' lang='lat' dir='ltr'><strong>ineram</strong></span> <span class='ocrx_word' id='word_1_24' title='bbox 444 1320 594 1391; x_wconf 86' lang='lat' dir='ltr'><strong>venusta,</strong></span> <span class='ocrx_word' id='word_1_25' title='bbox 617 1315 704 1380; x_wconf 88' lang='lat' dir='ltr'><strong>sicut</strong></span> <span class='ocrx_word' id='word_1_26' title='bbox 725 1313 1004 1400; x_wconf 85' lang='lat' dir='ltr'><strong>archiepiscopum</strong></span> <span class='ocrx_word' id='word_1_27' title='bbox 1028 1313 1148 1390; x_wconf 88' lang='lat' dir='ltr'><strong>decuit,</strong></span> <span class='ocrx_word' id='word_1_28' title='bbox 1171 1317 1262 1380; x_wconf 88' lang='lat' dir='ltr'><strong>ecoe!</strong></span> <span class='ocrx_word' id='word_1_29' title='bbox 1284 1312 1338 1376; x_wconf 90' lang='lat' dir='ltr'><strong>vir</strong></span> <span class='ocrx_word' id='word_1_30' title='bbox 1360 1311 1496 1396; x_wconf 87' lang='lat' dir='ltr'><strong>quidem</strong></span> 
     </span>
    </p>
   </div>
   <div class='ocr_carea' id='block_1_3' title="bbox 444 1414 1496 1502">
    <p class='ocr_par' dir='ltr' id='par_1_3' title="bbox 444 1414 1496 1502">
     <span class='ocr_line' id='line_1_5' title="bbox 444 1414 1496 1502; baseline -0.007 -20"><span class='ocrx_word' id='word_1_31' title='bbox 444 1418 577 1483; x_wconf 85' lang='lat' dir='ltr'><strong>obviam</strong></span> <span class='ocrx_word' id='word_1_32' title='bbox 592 1417 695 1494; x_wconf 91' lang='lat' dir='ltr'><strong>venit,</strong></span> <span class='ocrx_word' id='word_1_33' title='bbox 711 1437 860 1502; x_wconf 85' lang='lat' dir='ltr'><strong>quaerens</strong></span> <span class='ocrx_word' id='word_1_34' title='bbox 879 1415 936 1501; x_wconf 92' lang='lat' dir='ltr'><strong>qui</strong></span> <span class='ocrx_word' id='word_1_35' title='bbox 959 1419 1069 1482; x_wconf 85' lang='lat' dir='ltr'><strong>essent</strong></span> <span class='ocrx_word' id='word_1_36' title='bbox 1091 1420 1310 1482; x_wconf 85' lang='lat' dir='ltr'><strong>transeuntes.</strong></span> <span class='ocrx_word' id='word_1_37' title='bbox 1356 1414 1402 1477; x_wconf 87' lang='lat' dir='ltr'><strong>Et</strong></span> <span class='ocrx_word' id='word_1_38' title='bbox 1421 1433 1496 1478; x_wconf 89' lang='lat' dir='ltr'><strong>oum</strong></span> 
     </span>
    </p>
   </div>
   <div class='ocr_carea' id='block_1_4' title="bbox 273 1516 1496 2114">
    <p class='ocr_par' dir='ltr' id='par_1_4' title="bbox 273 1516 1496 2114">
     <span class='ocr_line' id='line_1_6' title="bbox 443 1516 1496 1606; baseline -0.009 -20"><span class='ocrx_word' id='word_1_39' title='bbox 443 1520 622 1606; x_wconf 76' lang='lat' dir='ltr'>accepisset</span> <span class='ocrx_word' id='word_1_40' title='bbox 658 1519 815 1604; x_wconf 86' lang='lat' dir='ltr'><strong>quoniam</strong></span> <span class='ocrx_word' id='word_1_41' title='bbox 854 1516 1030 1582; x_wconf 85' lang='lat' dir='ltr'><strong>Osweldus</strong></span> <span class='ocrx_word' id='word_1_42' title='bbox 1068 1517 1234 1594; x_wconf 76' lang='lat' dir='ltr'><strong>transiret,</strong></span> <span class='ocrx_word' id='word_1_43' title='bbox 1271 1516 1406 1604; x_wconf 83' lang='lat' dir='ltr'><strong>gavisus</strong></span> <span class='ocrx_word' id='word_1_44' title='bbox 1444 1517 1496 1578; x_wconf 92' lang='lat' dir='ltr'><strong>est</strong></span> 
     </span>
     <span class='ocr_line' id='line_1_7' title="bbox 443 1616 1496 1706; baseline -0.005 -21"><span class='ocrx_word' id='word_1_45' title='bbox 443 1621 550 1699; x_wconf 88' lang='lat' dir='ltr'><strong>valde,</strong></span> <span class='ocrx_word' id='word_1_46' title='bbox 566 1621 803 1705; x_wconf 76' lang='lat' dir='ltr'><strong>festinavitque</strong></span> <span class='ocrx_word' id='word_1_47' title='bbox 826 1621 937 1683; x_wconf 67' lang='lat' dir='ltr'><strong>vuum</strong></span> <span class='ocrx_word' id='word_1_48' title='bbox 960 1619 1074 1706; x_wconf 85' lang='lat' dir='ltr'><strong>yidere</strong></span> <span class='ocrx_word' id='word_1_49' title='bbox 1097 1619 1172 1705; x_wconf 89' lang='lat' dir='ltr'><strong>quis</strong></span> <span class='ocrx_word' id='word_1_50' title='bbox 1188 1624 1281 1697; x_wconf 88' lang='lat' dir='ltr'><strong>esset,</strong></span> <span class='ocrx_word' id='word_1_51' title='bbox 1298 1619 1391 1704; x_wconf 88' lang='lat' dir='ltr'><strong>cujus</strong></span> <span class='ocrx_word' id='word_1_52' title='bbox 1406 1616 1496 1681; x_wconf 88' lang='lat' dir='ltr'><strong>fama</strong></span> 
     </span>
     <span class='ocr_line' id='line_1_8' title="bbox 443 1721 1494 1809; baseline -0.005 -21"><span class='ocrx_word' id='word_1_53' title='bbox 443 1723 540 1788; x_wconf 92' lang='lat' dir='ltr'><strong>odore</strong></span> <span class='ocrx_word' id='word_1_54' title='bbox 560 1746 620 1788; x_wconf 90' lang='lat' dir='ltr'><strong>suo</strong></span> <span class='ocrx_word' id='word_1_55' title='bbox 635 1728 785 1809; x_wconf 88' lang='lat' dir='ltr'><strong>captarat</strong></span> <span class='ocrx_word' id='word_1_56' title='bbox 805 1723 852 1788; x_wconf 88' lang='lat' dir='ltr'><strong>sio</strong></span> <span class='ocrx_word' id='word_1_57' title='bbox 867 1722 1046 1786; x_wconf 88' lang='lat' dir='ltr'><strong>universos.</strong></span> <span class='ocrx_word' id='word_1_58' title='bbox 1092 1721 1367 1808; x_wconf 88' lang='lat' dir='ltr'><strong>Archiepisoopus</strong></span> <span class='ocrx_word' id='word_1_59' title='bbox 1382 1723 1494 1784; x_wconf 87' lang='lat' dir='ltr'><strong>autem</strong></span> 
     </span>
     <span class='ocr_line' id='line_1_9' title="bbox 442 1821 1492 1909; baseline -0.002 -21"><span class='ocrx_word' id='word_1_60' title='bbox 442 1824 627 1890; x_wconf 88' lang='lat' dir='ltr'><strong>vehebatur</strong></span> <span class='ocrx_word' id='word_1_61' title='bbox 648 1845 732 1908; x_wconf 92' lang='lat' dir='ltr'><strong>equo</strong></span> <span class='ocrx_word' id='word_1_62' title='bbox 762 1823 798 1886; x_wconf 93' lang='lat' dir='ltr'><strong>in</strong></span> <span class='ocrx_word' id='word_1_63' title='bbox 820 1828 983 1909; x_wconf 88' lang='lat' dir='ltr'><strong>apparatu</strong></span> <span class='ocrx_word' id='word_1_64' title='bbox 1014 1821 1197 1909; x_wconf 90' lang='lat' dir='ltr'><strong>splendido,</strong></span> <span class='ocrx_word' id='word_1_65' title='bbox 1219 1844 1288 1887; x_wconf 92' lang='lat' dir='ltr'><strong>non</strong></span> <span class='ocrx_word' id='word_1_66' title='bbox 1317 1823 1492 1887; x_wconf 83' lang='lat' dir='ltr'><strong>advertens</strong></span> 
     </span>
     <span class='ocr_line' id='line_1_10' title="bbox 444 1923 1492 2012; baseline -0.006 -22"><span class='ocrx_word' id='word_1_67' title='bbox 444 1927 618 2012; x_wconf 78' lang='lat' dir='ltr'><strong>quicquam</strong></span> <span class='ocrx_word' id='word_1_68' title='bbox 640 1926 676 1990; x_wconf 92' lang='lat' dir='ltr'><strong>in</strong></span> <span class='ocrx_word' id='word_1_69' title='bbox 698 1924 751 1989; x_wconf 91' lang='lat' dir='ltr'><strong>his</strong></span> <span class='ocrx_word' id='word_1_70' title='bbox 773 1931 908 2011; x_wconf 89' lang='lat' dir='ltr'><strong>propter</strong></span> <span class='ocrx_word' id='word_1_71' title='bbox 930 1925 1172 1990; x_wconf 78' lang='lat' dir='ltr'><strong>conscientiam.</strong></span> <span class='ocrx_word' id='word_1_72' title='bbox 1218 1925 1273 1990; x_wconf 89' lang='lat' dir='ltr'><strong>Ad</strong></span> <span class='ocrx_word' id='word_1_73' title='bbox 1292 1945 1390 2008; x_wconf 92' lang='lat' dir='ltr'><strong>quem</strong></span> <span class='ocrx_word' id='word_1_74' title='bbox 1413 1923 1492 1987; x_wconf 90' lang='lat' dir='ltr'><strong>dnm</strong></span> 
     </span>
     <span class='ocr_line' id='line_1_11' title="bbox 273 2019 1495 2114; baseline 0 -24"><span class='ocrx_word' id='word_1_75' title='bbox 273 2019 384 2105; x_wconf 56' lang='grc' dir='ltr'>Δροσί</span> <span class='ocrx_word' id='word_1_76' title='bbox 443 2029 738 2114; x_wconf 74' lang='lat' dir='ltr'><strong>appropinquasset</strong></span> <span class='ocrx_word' id='word_1_77' title='bbox 767 2028 820 2091; x_wconf 86' lang='lat' dir='ltr'><strong>vir</strong></span> <span class='ocrx_word' id='word_1_78' title='bbox 849 2027 913 2104; x_wconf 87' lang='lat' dir='ltr'><strong>ilie,</strong></span> <span class='ocrx_word' id='word_1_79' title='bbox 937 2027 1054 2092; x_wconf 88' lang='lat' dir='ltr'><strong>videns</strong></span> <span class='ocrx_word' id='word_1_80' title='bbox 1085 2028 1225 2114; x_wconf 85' lang='lat' dir='ltr'><strong>gloriam</strong></span> <span class='ocrx_word' id='word_1_81' title='bbox 1259 2027 1376 2091; x_wconf 92' lang='lat' dir='ltr'><strong>mundi</strong></span> <span class='ocrx_word' id='word_1_82' title='bbox 1408 2026 1495 2092; x_wconf 88' lang='lat' dir='ltr'><strong>circa</strong></span> 
     </span>
    </p>
   </div>
   <div class='ocr_carea' id='block_1_5' title="bbox 273 2116 1494 2225">
    <p class='ocr_par' dir='ltr' id='par_1_5' title="bbox 273 2116 1494 2225">
     <span class='ocr_line' id='line_1_12' title="bbox 273 2116 1494 2225; baseline -0.001 -32"><span class='ocrx_word' id='word_1_83' title='bbox 273 2123 334 2223; x_wconf 45' lang='lat'><strong>1¹32?</strong></span> <span class='ocrx_word' id='word_1_84' title='bbox 339 2116 424 2225; x_wconf 50' lang='lat'><strong>32⁶³</strong></span> <span class='ocrx_word' id='word_1_85' title='bbox 443 2151 527 2206; x_wconf 92' lang='lat' dir='ltr'><strong>eum,</strong></span> <span class='ocrx_word' id='word_1_86' title='bbox 542 2129 722 2215; x_wconf 84' lang='lat' dir='ltr'><strong>obstupuit,</strong></span> <span class='ocrx_word' id='word_1_87' title='bbox 738 2130 832 2214; x_wconf 86' lang='lat' dir='ltr'><strong>quasi</strong></span> <span class='ocrx_word' id='word_1_88' title='bbox 854 2129 891 2193; x_wconf 91' lang='lat' dir='ltr'><strong>in</strong></span> <span class='ocrx_word' id='word_1_89' title='bbox 905 2129 958 2192; x_wconf 88' lang='lat' dir='ltr'><strong>his</strong></span> <span class='ocrx_word' id='word_1_90' title='bbox 981 2150 1048 2193; x_wconf 88' lang='lat' dir='ltr'><strong>non</strong></span> <span class='ocrx_word' id='word_1_91' title='bbox 1068 2135 1179 2216; x_wconf 88' lang='lat' dir='ltr'><strong>posset</strong></span> <span class='ocrx_word' id='word_1_92' title='bbox 1201 2129 1377 2194; x_wconf 85' lang='lat' dir='ltr'><strong>subsistere</strong></span> <span class='ocrx_word' id='word_1_93' title='bbox 1400 2127 1494 2192; x_wconf 87' lang='lat' dir='ltr'><strong>salva</strong></span> 
     </span>
    </p>
   </div>
   <div class='ocr_carea' id='block_1_6' title="bbox 268 2229 1492 4740">
    <p class='ocr_par' dir='ltr' id='par_1_6' title="bbox 272 2229 1490 2318">
     <span class='ocr_line' id='line_1_13' title="bbox 272 2229 1490 2318; baseline 0.002 -30"><span class='ocrx_word' id='word_1_94' title='bbox 272 2240 410 2318; x_wconf 70' lang='lat' dir='ltr'><strong>isamazed</strong></span> <span class='ocrx_word' id='word_1_95' title='bbox 442 2231 600 2296; x_wconf 86' lang='lat' dir='ltr'><strong>sanctitas</strong></span> <span class='ocrx_word' id='word_1_96' title='bbox 638 2251 738 2315; x_wconf 88' lang='lat' dir='ltr'><strong>quam</strong></span> <span class='ocrx_word' id='word_1_97' title='bbox 776 2229 936 2306; x_wconf 87' lang='lat' dir='ltr'><strong>audierat,</strong></span> <span class='ocrx_word' id='word_1_98' title='bbox 968 2231 1121 2316; x_wconf 89' lang='lat' dir='ltr'><strong>dixitque</strong></span> <span class='ocrx_word' id='word_1_99' title='bbox 1156 2231 1199 2294; x_wconf 90' lang='lat' dir='ltr'><strong>ad</strong></span> <span class='ocrx_word' id='word_1_100' title='bbox 1233 2253 1327 2295; x_wconf 92' lang='lat' dir='ltr'><strong>eum:</strong></span> <span class='ocrx_word' id='word_1_101' title='bbox 1351 2239 1368 2264; x_wconf 75' lang='lat'><strong>‘⁶</strong></span> <span class='ocrx_word' id='word_1_102' title='bbox 1380 2229 1490 2304; x_wconf 87' lang='lat' dir='ltr'><strong>Miror,</strong></span> 
     </span>
    </p>

    <p class='ocr_par' dir='ltr' id='par_1_7' title="bbox 271 2308 1492 3032">
     <span class='ocr_line' id='line_1_14' title="bbox 271 2308 1491 2438; baseline -0.002 -42"><span class='ocrx_word' id='word_1_103' title='bbox 271 2308 354 2438; x_wconf 50' lang='grc' dir='ltr'><strong>ἓξὲξ</strong></span> <span class='ocrx_word' id='word_1_104' title='bbox 442 2341 459 2367; x_wconf 92' lang='grc'><strong>“</strong></span> <span class='ocrx_word' id='word_1_105' title='bbox 482 2333 621 2410; x_wconf 92' lang='lat' dir='ltr'><strong>domine,</strong></span> <span class='ocrx_word' id='word_1_106' title='bbox 654 2331 874 2408; x_wconf 84' lang='lat' dir='ltr'><strong>vehementer,</strong></span> <span class='ocrx_word' id='word_1_107' title='bbox 898 2331 1046 2417; x_wconf 87' lang='lat' dir='ltr'><strong>mihique</strong></span> <span class='ocrx_word' id='word_1_108' title='bbox 1083 2354 1176 2397; x_wconf 89' lang='lat' dir='ltr'><strong>mens</strong></span> <span class='ocrx_word' id='word_1_109' title='bbox 1211 2331 1323 2400; x_wconf 90' lang='lat' dir='ltr'><strong>deficit</strong></span> <span class='ocrx_word' id='word_1_110' title='bbox 1361 2332 1404 2396; x_wconf 88' lang='lat' dir='ltr'><strong>ab</strong></span> <span class='ocrx_word' id='word_1_111' title='bbox 1438 2331 1491 2394; x_wconf 89' lang='lat' dir='ltr'><strong>his</strong></span> 
     </span>
     <span class='ocr_line' id='line_1_15' title="bbox 440 2431 1492 2520; baseline -0.004 -22"><span class='ocrx_word' id='word_1_112' title='bbox 440 2443 458 2469; x_wconf 90' lang='lat'><strong>“</strong></span> <span class='ocrx_word' id='word_1_113' title='bbox 481 2457 554 2520; x_wconf 81' lang='lat' dir='ltr'><strong>quae</strong></span> <span class='ocrx_word' id='word_1_114' title='bbox 577 2433 702 2511; x_wconf 90' lang='lat' dir='ltr'><strong>audivi,</strong></span> <span class='ocrx_word' id='word_1_115' title='bbox 727 2433 814 2518; x_wconf 90' lang='lat' dir='ltr'><strong>quod</strong></span> <span class='ocrx_word' id='word_1_116' title='bbox 837 2439 871 2498; x_wconf 90' lang='lat' dir='ltr'><strong>te</strong></span> <span class='ocrx_word' id='word_1_117' title='bbox 895 2455 992 2518; x_wconf 90' lang='lat' dir='ltr'><strong>quem</strong></span> <span class='ocrx_word' id='word_1_118' title='bbox 1015 2433 1104 2498; x_wconf 86' lang='lat' dir='ltr'><strong>fama</strong></span> <span class='ocrx_word' id='word_1_119' title='bbox 1127 2441 1196 2499; x_wconf 89' lang='lat' dir='ltr'><strong>tam</strong></span> <span class='ocrx_word' id='word_1_120' title='bbox 1224 2433 1363 2520; x_wconf 82' lang='lat' dir='ltr'><strong>dignum</strong></span> <span class='ocrx_word' id='word_1_121' title='bbox 1385 2431 1492 2516; x_wconf 92' lang='lat' dir='ltr'><strong>loqui·</strong></span> 
     </span>
     <span class='ocr_line' id='line_1_16' title="bbox 440 2534 1489 2622; baseline -0.005 -20"><span class='ocrx_word' id='word_1_122' title='bbox 440 2546 456 2572; x_wconf 85' lang='lat'><strong>‘¹</strong></span> <span class='ocrx_word' id='word_1_123' title='bbox 479 2543 535 2602; x_wconf 89' lang='lat' dir='ltr'><strong>tur</strong></span> <span class='ocrx_word' id='word_1_124' title='bbox 550 2536 664 2602; x_wconf 90' lang='lat' dir='ltr'><strong>inveni</strong></span> <span class='ocrx_word' id='word_1_125' title='bbox 686 2536 736 2600; x_wconf 85' lang='lat' dir='ltr'><strong>ita</strong></span> <span class='ocrx_word' id='word_1_126' title='bbox 750 2540 903 2622; x_wconf 85' lang='lat' dir='ltr'><strong>agentem</strong></span> <span class='ocrx_word' id='word_1_127' title='bbox 918 2537 955 2599; x_wconf 90' lang='lat' dir='ltr'><strong>in</strong></span> <span class='ocrx_word' id='word_1_128' title='bbox 977 2557 1098 2622; x_wconf 90' lang='lat' dir='ltr'><strong>pompa</strong></span> <span class='ocrx_word' id='word_1_129' title='bbox 1112 2535 1287 2602; x_wconf 81' lang='lat' dir='ltr'><strong>saeculari.&#39;&#39;</strong></span> <span class='ocrx_word' id='word_1_130' title='bbox 1321 2534 1375 2599; x_wconf 88' lang='lat' dir='ltr'><strong>Ad</strong></span> <span class='ocrx_word' id='word_1_131' title='bbox 1391 2555 1489 2619; x_wconf 90' lang='lat' dir='ltr'><strong>quam</strong></span> 
     </span>
     <span class='ocr_line' id='line_1_17' title="bbox 439 2636 1489 2722; baseline -0.005 -17"><span class='ocrx_word' id='word_1_132' title='bbox 439 2640 503 2704; x_wconf 88' lang='lat' dir='ltr'><strong>viri</strong></span> <span class='ocrx_word' id='word_1_133' title='bbox 525 2661 639 2705; x_wconf 88' lang='lat' dir='ltr'><strong>vocem</strong></span> <span class='ocrx_word' id='word_1_134' title='bbox 662 2639 801 2703; x_wconf 90' lang='lat' dir='ltr'><strong>antistes</strong></span> <span class='ocrx_word' id='word_1_135' title='bbox 832 2637 974 2714; x_wconf 88' lang='lat' dir='ltr'><strong>erubuit,</strong></span> <span class='ocrx_word' id='word_1_136' title='bbox 998 2638 1168 2714; x_wconf 87' lang='lat' dir='ltr'><strong>conticuit,</strong></span> <span class='ocrx_word' id='word_1_137' title='bbox 1190 2638 1404 2722; x_wconf 87' lang='lat' dir='ltr'><strong>animumque</strong></span> <span class='ocrx_word' id='word_1_138' title='bbox 1435 2636 1489 2700; x_wconf 93' lang='lat' dir='ltr'><strong>de·</strong></span> 
     </span>
     <span class='ocr_line' id='line_1_18' title="bbox 437 2741 1490 2828; baseline -0.004 -20"><span class='ocrx_word' id='word_1_139' title='bbox 437 2744 525 2808; x_wconf 82' lang='lat' dir='ltr'><strong>texit</strong></span> <span class='ocrx_word' id='word_1_140' title='bbox 546 2742 670 2819; x_wconf 76' lang='lat' dir='ltr'><strong>vultus</strong></span> <span class='ocrx_word' id='word_1_141' title='bbox 694 2763 894 2828; x_wconf 89' lang='lat' dir='ltr'><strong>quamquam</strong></span> <span class='ocrx_word' id='word_1_142' title='bbox 925 2763 1001 2806; x_wconf 90' lang='lat' dir='ltr'><strong>eum</strong></span> <span class='ocrx_word' id='word_1_143' title='bbox 1024 2743 1124 2808; x_wconf 88' lang='lat' dir='ltr'><strong>elatio</strong></span> <span class='ocrx_word' id='word_1_144' title='bbox 1155 2763 1222 2808; x_wconf 90' lang='lat' dir='ltr'><strong>non</strong></span> <span class='ocrx_word' id='word_1_145' title='bbox 1248 2742 1390 2807; x_wconf 87' lang='lat' dir='ltr'><strong>inflarat.</strong></span> <span class='ocrx_word' id='word_1_146' title='bbox 1446 2741 1490 2805; x_wconf 84' lang='lat' dir='ltr'><strong>Et</strong></span> 
     </span>
     <span class='ocr_line' id='line_1_19' title="bbox 437 2842 1489 2930; baseline -0.002 -22"><span class='ocrx_word' id='word_1_147' title='bbox 437 2844 614 2930; x_wconf 77' lang='lat' dir='ltr'><strong>procedens</strong></span> <span class='ocrx_word' id='word_1_148' title='bbox 645 2842 825 2928; x_wconf 85' lang='lat' dir='ltr'><strong>paululum,</strong></span> <span class='ocrx_word' id='word_1_149' title='bbox 853 2843 1009 2907; x_wconf 87' lang='lat' dir='ltr'><strong>volutans</strong></span> <span class='ocrx_word' id='word_1_150' title='bbox 1035 2865 1109 2928; x_wconf 85' lang='lat' dir='ltr'><strong>quae</strong></span> <span class='ocrx_word' id='word_1_151' title='bbox 1139 2844 1291 2909; x_wconf 87' lang='lat' dir='ltr'><strong>audierat</strong></span> <span class='ocrx_word' id='word_1_152' title='bbox 1321 2843 1413 2907; x_wconf 90' lang='lat' dir='ltr'><strong>intra</strong></span> <span class='ocrx_word' id='word_1_153' title='bbox 1441 2864 1489 2906; x_wconf 91' lang='lat' dir='ltr'><strong>se-</strong></span> 
     </span>
     <span class='ocr_line' id='line_1_20' title="bbox 438 2944 1489 3032; baseline -0.001 -24"><span class='ocrx_word' id='word_1_154' title='bbox 438 2945 623 3030; x_wconf 88' lang='lat' dir='ltr'><strong>metipsum,</strong></span> <span class='ocrx_word' id='word_1_155' title='bbox 646 2945 807 3010; x_wconf 84' lang='lat' dir='ltr'><strong>rusticum</strong></span> <span class='ocrx_word' id='word_1_156' title='bbox 831 2945 996 3030; x_wconf 91' lang='lat' dir='ltr'><strong>quendam</strong></span> <span class='ocrx_word' id='word_1_157' title='bbox 1027 2966 1095 3010; x_wconf 91' lang='lat' dir='ltr'><strong>non</strong></span> <span class='ocrx_word' id='word_1_158' title='bbox 1118 2945 1224 3011; x_wconf 89' lang='lat' dir='ltr'><strong>multo</strong></span> <span class='ocrx_word' id='word_1_159' title='bbox 1247 2949 1323 3032; x_wconf 90' lang='lat' dir='ltr'><strong>post</strong></span> <span class='ocrx_word' id='word_1_160' title='bbox 1353 2944 1489 3009; x_wconf 89' lang='lat' dir='ltr'><strong>obvium</strong></span> 
     </span>
    </p>

    <p class='ocr_par' dir='ltr' id='par_1_8' title="bbox 270 3046 1490 3132">
     <span class='ocr_line' id='line_1_21' title="bbox 270 3046 1490 3132; baseline 0.001 -23"><span class='ocrx_word' id='word_1_161' title='bbox 270 3057 372 3109; x_wconf 76' lang='lat' dir='ltr'><strong>Oswud</strong></span> <span class='ocrx_word' id='word_1_162' title='bbox 437 3047 565 3123; x_wconf 90' lang='lat' dir='ltr'><strong>habuit,</strong></span> <span class='ocrx_word' id='word_1_163' title='bbox 596 3047 801 3131; x_wconf 81' lang='lat' dir='ltr'><strong>equitantem</strong></span> <span class='ocrx_word' id='word_1_164' title='bbox 835 3046 872 3110; x_wconf 94' lang='lat' dir='ltr'><strong>in</strong></span> <span class='ocrx_word' id='word_1_165' title='bbox 899 3047 1060 3132; x_wconf 90' lang='lat' dir='ltr'><strong>jumento.</strong></span> <span class='ocrx_word' id='word_1_166' title='bbox 1125 3047 1198 3127; x_wconf 76' lang='lat' dir='ltr'><strong>Quo</strong></span> <span class='ocrx_word' id='word_1_167' title='bbox 1230 3047 1310 3124; x_wconf 88' lang='lat' dir='ltr'><strong>viso,</strong></span> <span class='ocrx_word' id='word_1_168' title='bbox 1339 3046 1490 3110; x_wconf 85' lang='lat' dir='ltr'><strong>substitit</strong></span> 
     </span>
    </p>

    <p class='ocr_par' dir='ltr' id='par_1_9' title="bbox 268 3124 1490 3239">
     <span class='ocr_line' id='line_1_22' title="bbox 268 3124 1490 3239; baseline 0.001 -28"><span class='ocrx_word' id='word_1_169' title='bbox 268 3124 380 3239; x_wconf 56' lang='lat' dir='ltr'><strong>fflff</strong></span> <span class='ocrx_word' id='word_1_170' title='bbox 438 3149 491 3211; x_wconf 89' lang='lat' dir='ltr'><strong>vir</strong></span> <span class='ocrx_word' id='word_1_171' title='bbox 513 3148 577 3212; x_wconf 91' lang='lat' dir='ltr'><strong>Dei</strong></span> <span class='ocrx_word' id='word_1_172' title='bbox 602 3149 705 3213; x_wconf 91' lang='lat' dir='ltr'><strong>donec</strong></span> <span class='ocrx_word' id='word_1_173' title='bbox 727 3147 783 3212; x_wconf 89' lang='lat' dir='ltr'><strong>ille</strong></span> <span class='ocrx_word' id='word_1_174' title='bbox 806 3169 882 3212; x_wconf 89' lang='lat' dir='ltr'><strong>suos</strong></span> <span class='ocrx_word' id='word_1_175' title='bbox 904 3149 1097 3235; x_wconf 86' lang='lat' dir='ltr'><strong>praeteriret,</strong></span> <span class='ocrx_word' id='word_1_176' title='bbox 1121 3155 1310 3236; x_wconf 86' lang='lat' dir='ltr'><strong>secretoque</strong></span> <span class='ocrx_word' id='word_1_177' title='bbox 1334 3149 1490 3214; x_wconf 87' lang='lat' dir='ltr'><strong>convenit</strong></span> 
     </span>
    </p>

    <p class='ocr_par' dir='ltr' id='par_1_10' title="bbox 269 3249 1486 3336">
     <span class='ocr_line' id='line_1_23' title="bbox 269 3249 1486 3336; baseline 0.002 -22"><span class='ocrx_word' id='word_1_178' title='bbox 269 3255 421 3306; x_wconf 72' lang='lat' dir='ltr'><strong>hoscfora</strong></span> <span class='ocrx_word' id='word_1_179' title='bbox 440 3251 600 3316; x_wconf 89' lang='lat' dir='ltr'><strong>rusticum</strong></span> <span class='ocrx_word' id='word_1_180' title='bbox 631 3256 671 3314; x_wconf 93' lang='lat' dir='ltr'><strong>ut</strong></span> <span class='ocrx_word' id='word_1_181' title='bbox 693 3249 905 3315; x_wconf 89' lang='lat' dir='ltr'><strong>descenderet</strong></span> <span class='ocrx_word' id='word_1_182' title='bbox 935 3256 970 3315; x_wconf 93' lang='lat' dir='ltr'><strong>et</strong></span> <span class='ocrx_word' id='word_1_183' title='bbox 994 3252 1186 3336; x_wconf 89' lang='lat' dir='ltr'><strong>jumentum</strong></span> <span class='ocrx_word' id='word_1_184' title='bbox 1216 3257 1363 3317; x_wconf 87' lang='lat' dir='ltr'><strong>mutaret</strong></span> <span class='ocrx_word' id='word_1_185' title='bbox 1394 3274 1486 3336; x_wconf 90' lang='lat' dir='ltr'><strong>equo.</strong></span> 
     </span>
    </p>

    <p class='ocr_par' dir='ltr' id='par_1_11' title="bbox 269 3323 1488 4740">
     <span class='ocr_line' id='line_1_24' title="bbox 269 3323 1488 3440; baseline 0 -24"><span class='ocrx_word' id='word_1_186' title='bbox 269 3323 415 3374; x_wconf 59' lang='lat' dir='ltr'>⁰¹²‘t&#39;h⁰¹&#39;⁸⁰&#39;</span> <span class='ocrx_word' id='word_1_187' title='bbox 437 3351 499 3416; x_wconf 90' lang='lat' dir='ltr'><strong>Ille</strong></span> <span class='ocrx_word' id='word_1_188' title='bbox 532 3357 643 3416; x_wconf 89' lang='lat' dir='ltr'><strong>autem</strong></span> <span class='ocrx_word' id='word_1_189' title='bbox 681 3351 824 3416; x_wconf 91' lang='lat' dir='ltr'><strong>libenter</strong></span> <span class='ocrx_word' id='word_1_190' title='bbox 855 3351 1095 3438; x_wconf 88' lang='lat' dir='ltr'><strong>obtemperans,</strong></span> <span class='ocrx_word' id='word_1_191' title='bbox 1127 3353 1256 3440; x_wconf 88' lang='lat' dir='ltr'><strong>accepit</strong></span> <span class='ocrx_word' id='word_1_192' title='bbox 1293 3375 1415 3438; x_wconf 91' lang='lat' dir='ltr'><strong>equum</strong></span> <span class='ocrx_word' id='word_1_193' title='bbox 1454 3359 1488 3417; x_wconf 90' lang='lat' dir='ltr'><strong>et</strong></span> 
     </span>
     <span class='ocr_line' id='line_1_25' title="bbox 436 3453 1488 3541; baseline 0 -23"><span class='ocrx_word' id='word_1_194' title='bbox 436 3455 701 3531; x_wconf 85' lang='lat' dir='ltr'><strong>instrumentum,</strong></span> <span class='ocrx_word' id='word_1_195' title='bbox 725 3459 761 3518; x_wconf 91' lang='lat' dir='ltr'><strong>et</strong></span> <span class='ocrx_word' id='word_1_196' title='bbox 781 3453 1045 3540; x_wconf 86' lang='lat' dir='ltr'><strong>archiepiscopus</strong></span> <span class='ocrx_word' id='word_1_197' title='bbox 1068 3455 1328 3541; x_wconf 86' lang='lat' dir='ltr'><strong>abjectissimum</strong></span> <span class='ocrx_word' id='word_1_198' title='bbox 1355 3457 1488 3540; x_wconf 88' lang='lat' dir='ltr'><strong>jumen-</strong></span> 
     </span>
     <span class='ocr_line' id='line_1_26' title="bbox 435 3556 1486 3644; baseline 0.001 -24"><span class='ocrx_word' id='word_1_199' title='bbox 435 3562 508 3620; x_wconf 87' lang='lat' dir='ltr'><strong>tum</strong></span> <span class='ocrx_word' id='word_1_200' title='bbox 531 3578 606 3622; x_wconf 91' lang='lat' dir='ltr'><strong>cum</strong></span> <span class='ocrx_word' id='word_1_201' title='bbox 636 3557 865 3633; x_wconf 87' lang='lat' dir='ltr'><strong>instrumento,</strong></span> <span class='ocrx_word' id='word_1_202' title='bbox 892 3556 1008 3622; x_wconf 89' lang='lat' dir='ltr'><strong>sedens</strong></span> <span class='ocrx_word' id='word_1_203' title='bbox 1040 3557 1077 3621; x_wconf 91' lang='lat' dir='ltr'><strong>in</strong></span> <span class='ocrx_word' id='word_1_204' title='bbox 1107 3580 1152 3636; x_wconf 89' lang='lat' dir='ltr'><strong>eo,</strong></span> <span class='ocrx_word' id='word_1_205' title='bbox 1176 3580 1317 3644; x_wconf 89' lang='lat' dir='ltr'><strong>suosque</strong></span> <span class='ocrx_word' id='word_1_206' title='bbox 1348 3579 1486 3643; x_wconf 87' lang='lat' dir='ltr'><strong>sequens</strong></span> 
     </span>
     <span class='ocr_line' id='line_1_27' title="bbox 436 3658 1486 3745; baseline 0.003 -23"><span class='ocrx_word' id='word_1_207' title='bbox 436 3659 493 3744; x_wconf 92' lang='lat' dir='ltr'><strong>qui</strong></span> <span class='ocrx_word' id='word_1_208' title='bbox 511 3658 582 3744; x_wconf 88' lang='lat' dir='ltr'><strong>jam</strong></span> <span class='ocrx_word' id='word_1_209' title='bbox 605 3663 829 3745; x_wconf 89' lang='lat' dir='ltr'><strong>processerant</strong></span> <span class='ocrx_word' id='word_1_210' title='bbox 851 3658 887 3722; x_wconf 92' lang='lat' dir='ltr'><strong>in</strong></span> <span class='ocrx_word' id='word_1_211' title='bbox 910 3658 1038 3736; x_wconf 90' lang='lat' dir='ltr'><strong>itinere,</strong></span> <span class='ocrx_word' id='word_1_212' title='bbox 1054 3659 1140 3724; x_wconf 91' lang='lat' dir='ltr'><strong>nihil</strong></span> <span class='ocrx_word' id='word_1_213' title='bbox 1156 3661 1358 3726; x_wconf 88' lang='lat' dir='ltr'><strong>erubescens.</strong></span> <span class='ocrx_word' id='word_1_214' title='bbox 1404 3659 1486 3725; x_wconf 84' lang='lat' dir='ltr'><strong>Gra-</strong></span> 
     </span>
     <span class='ocr_line' id='line_1_28' title="bbox 435 3761 1485 3848; baseline 0.002 -24"><span class='ocrx_word' id='word_1_215' title='bbox 435 3761 589 3826; x_wconf 89' lang='lat' dir='ltr'><strong>diebatur</strong></span> <span class='ocrx_word' id='word_1_216' title='bbox 622 3761 734 3846; x_wconf 88' lang='lat' dir='ltr'><strong>itaque</strong></span> <span class='ocrx_word' id='word_1_217' title='bbox 768 3765 803 3825; x_wconf 91' lang='lat' dir='ltr'><strong>et</strong></span> <span class='ocrx_word' id='word_1_218' title='bbox 834 3781 1030 3846; x_wconf 89' lang='lat' dir='ltr'><strong>quocunque</strong></span> <span class='ocrx_word' id='word_1_219' title='bbox 1064 3761 1134 3828; x_wconf 89' lang='lat' dir='ltr'><strong>loco</strong></span> <span class='ocrx_word' id='word_1_220' title='bbox 1173 3763 1385 3848; x_wconf 89' lang='lat' dir='ltr'><strong>pervenisset,</strong></span> <span class='ocrx_word' id='word_1_221' title='bbox 1420 3783 1485 3847; x_wconf 91' lang='lat' dir='ltr'><strong>quo</strong></span> 
     </span>
     <span class='ocr_line' id='line_1_29' title="bbox 434 3860 1484 3950; baseline 0.003 -26"><span class='ocrx_word' id='word_1_222' title='bbox 434 3861 539 3948; x_wconf 88' lang='lat' dir='ltr'><strong>major</strong></span> <span class='ocrx_word' id='word_1_223' title='bbox 561 3860 647 3928; x_wconf 85' lang='lat' dir='ltr'><strong>eirca</strong></span> <span class='ocrx_word' id='word_1_224' title='bbox 669 3883 744 3926; x_wconf 90' lang='lat' dir='ltr'><strong>eum</strong></span> <span class='ocrx_word' id='word_1_225' title='bbox 767 3860 954 3946; x_wconf 86' lang='lat' dir='ltr'><strong>frequentia</strong></span> <span class='ocrx_word' id='word_1_226' title='bbox 979 3862 1103 3948; x_wconf 90' lang='lat' dir='ltr'><strong>populi,</strong></span> <span class='ocrx_word' id='word_1_227' title='bbox 1128 3885 1167 3928; x_wconf 91' lang='lat' dir='ltr'><strong>eo</strong></span> <span class='ocrx_word' id='word_1_228' title='bbox 1190 3863 1332 3950; x_wconf 90' lang='lat' dir='ltr'><strong>amplius</strong></span> <span class='ocrx_word' id='word_1_229' title='bbox 1362 3863 1484 3950; x_wconf 85' lang='lat' dir='ltr'><strong>gaude—</strong></span> 
     </span>
     <span class='ocr_line' id='line_1_30' title="bbox 432 3963 1483 4050; baseline 0.001 -22"><span class='ocrx_word' id='word_1_230' title='bbox 432 3963 491 4028; x_wconf 88' lang='lat' dir='ltr'><strong>bat</strong></span> <span class='ocrx_word' id='word_1_231' title='bbox 513 3963 643 4030; x_wconf 82' lang='lat' dir='ltr'><strong>vilitate</strong></span> <span class='ocrx_word' id='word_1_232' title='bbox 666 3964 822 4050; x_wconf 86' lang='lat' dir='ltr'><strong>jumenti.</strong></span> <span class='ocrx_word' id='word_1_233' title='bbox 875 3964 1025 4050; x_wconf 91' lang='lat' dir='ltr'><strong>Miroque</strong></span> <span class='ocrx_word' id='word_1_234' title='bbox 1048 3965 1153 4042; x_wconf 92' lang='lat' dir='ltr'><strong>mod0‚</strong></span> <span class='ocrx_word' id='word_1_235' title='bbox 1175 3965 1309 4031; x_wconf 90' lang='lat' dir='ltr'><strong>erubuit</strong></span> <span class='ocrx_word' id='word_1_236' title='bbox 1339 3964 1483 4030; x_wconf 86' lang='lat' dir='ltr'><strong>famulus</strong></span> 
     </span>
     <span class='ocr_line' id='line_1_31' title="bbox 432 4064 1482 4143; baseline 0.001 -14"><span class='ocrx_word' id='word_1_237' title='bbox 432 4064 496 4129; x_wconf 92' lang='lat' dir='ltr'><strong>Dei</strong></span> <span class='ocrx_word' id='word_1_238' title='bbox 525 4065 562 4128; x_wconf 94' lang='lat' dir='ltr'><strong>in</strong></span> <span class='ocrx_word' id='word_1_239' title='bbox 585 4065 778 4130; x_wconf 88' lang='lat' dir='ltr'><strong>divitiarum</strong></span> <span class='ocrx_word' id='word_1_240' title='bbox 808 4064 892 4129; x_wconf 87' lang='lat' dir='ltr'><strong>facie</strong></span> <span class='ocrx_word' id='word_1_241' title='bbox 923 4064 1098 4143; x_wconf 78' lang='lat' dir='ltr'><strong>infrunita,</strong></span> <span class='ocrx_word' id='word_1_242' title='bbox 1122 4072 1157 4130; x_wconf 88' lang='lat' dir='ltr'><strong>et</strong></span> <span class='ocrx_word' id='word_1_243' title='bbox 1186 4089 1254 4132; x_wconf 91' lang='lat' dir='ltr'><strong>non</strong></span> <span class='ocrx_word' id='word_1_244' title='bbox 1284 4067 1418 4131; x_wconf 90' lang='lat' dir='ltr'><strong>erubuit</strong></span> <span class='ocrx_word' id='word_1_245' title='bbox 1447 4068 1482 4130; x_wconf 89' lang='lat' dir='ltr'><strong>in</strong></span> 
     </span>
     <span class='ocr_line' id='line_1_32' title="bbox 432 4167 1483 4255; baseline 0.001 -24"><span class='ocrx_word' id='word_1_246' title='bbox 432 4171 627 4253; x_wconf 86' lang='lat' dir='ltr'><strong>paupertate</strong></span> <span class='ocrx_word' id='word_1_247' title='bbox 650 4167 843 4233; x_wconf 86' lang='lat' dir='ltr'><strong>verecunda.</strong></span> <span class='ocrx_word' id='word_1_248' title='bbox 900 4167 942 4231; x_wconf 93' lang='lat' dir='ltr'><strong>In</strong></span> <span class='ocrx_word' id='word_1_249' title='bbox 964 4167 1028 4233; x_wconf 93' lang='lat' dir='ltr'><strong>hoc</strong></span> <span class='ocrx_word' id='word_1_250' title='bbox 1049 4168 1162 4254; x_wconf 83' lang='lat' dir='ltr'><strong>itaque</strong></span> <span class='ocrx_word' id='word_1_251' title='bbox 1185 4169 1274 4236; x_wconf 88' lang='lat' dir='ltr'><strong>facto</strong></span> <span class='ocrx_word' id='word_1_252' title='bbox 1297 4169 1483 4255; x_wconf 85' lang='lat' dir='ltr'><strong>exemplum</strong></span> 
     </span>
     <span class='ocr_line' id='line_1_33' title="bbox 431 4268 1483 4358; baseline 0.008 -29"><span class='ocrx_word' id='word_1_253' title='bbox 431 4289 543 4334; x_wconf 88' lang='lat' dir='ltr'><strong>recens</strong></span> <span class='ocrx_word' id='word_1_254' title='bbox 566 4270 687 4333; x_wconf 89' lang='lat' dir='ltr'><strong>veteris</strong></span> <span class='ocrx_word' id='word_1_255' title='bbox 715 4269 823 4354; x_wconf 89' lang='lat' dir='ltr'><strong>Moysi</strong></span> <span class='ocrx_word' id='word_1_256' title='bbox 853 4268 949 4334; x_wconf 90' lang='lat' dir='ltr'><strong>nobis</strong></span> <span class='ocrx_word' id='word_1_257' title='bbox 980 4271 1149 4356; x_wconf 86' lang='lat' dir='ltr'><strong>expressit,</strong></span> <span class='ocrx_word' id='word_1_258' title='bbox 1174 4273 1232 4357; x_wconf 89' lang='lat' dir='ltr'><strong>qui</strong></span> <span class='ocrx_word' id='word_1_259' title='bbox 1255 4293 1297 4336; x_wconf 85' lang='lat' dir='ltr'><strong>ex</strong></span> <span class='ocrx_word' id='word_1_260' title='bbox 1319 4276 1483 4358; x_wconf 88' lang='lat' dir='ltr'><strong>praecepto</strong></span> 
     </span>
     <span class='ocr_line' id='line_1_34' title="bbox 432 4367 1482 4456; baseline 0.007 -25"><span class='ocrx_word' id='word_1_261' title='bbox 432 4367 568 4432; x_wconf 92' lang='lat' dir='ltr'><strong>Domini</strong></span> <span class='ocrx_word' id='word_1_262' title='bbox 606 4369 643 4433; x_wconf 92' lang='lat' dir='ltr'><strong>in</strong></span> <span class='ocrx_word' id='word_1_263' title='bbox 680 4371 756 4434; x_wconf 89' lang='lat' dir='ltr'><strong>sede</strong></span> <span class='ocrx_word' id='word_1_264' title='bbox 783 4371 963 4456; x_wconf 89' lang='lat' dir='ltr'><strong>judiciaria</strong></span> <span class='ocrx_word' id='word_1_265' title='bbox 1000 4373 1146 4438; x_wconf 90' lang='lat' dir='ltr'><strong>residens</strong></span> <span class='ocrx_word' id='word_1_266' title='bbox 1187 4373 1363 4438; x_wconf 84' lang='lat' dir='ltr'><strong>familiaris</strong></span> <span class='ocrx_word' id='word_1_267' title='bbox 1402 4373 1482 4452; x_wconf 94' lang='lat' dir='ltr'><strong>Deo,</strong></span> 
     </span>
     <span class='ocr_line' id='line_1_35' title="bbox 431 4468 1483 4552; baseline 0.007 -19"><span class='ocrx_word' id='word_1_268' title='bbox 431 4468 631 4534; x_wconf 89' lang='lat' dir='ltr'><strong>Divinorum</strong></span> <span class='ocrx_word' id='word_1_269' title='bbox 654 4472 801 4536; x_wconf 87' lang='lat' dir='ltr'><strong>conscius</strong></span> <span class='ocrx_word' id='word_1_270' title='bbox 825 4477 1033 4552; x_wconf 88' lang='lat' dir='ltr'><strong>secretorum,</strong></span> <span class='ocrx_word' id='word_1_271' title='bbox 1048 4475 1092 4540; x_wconf 90' lang='lat' dir='ltr'><strong>ad</strong></span> <span class='ocrx_word' id='word_1_272' title='bbox 1108 4496 1222 4541; x_wconf 87' lang='lat' dir='ltr'><strong>vocem</strong></span> <span class='ocrx_word' id='word_1_273' title='bbox 1247 4481 1360 4540; x_wconf 85' lang='lat' dir='ltr'><strong>tamen</strong></span> <span class='ocrx_word' id='word_1_274' title='bbox 1382 4475 1483 4540; x_wconf 88' lang='lat' dir='ltr'><strong>soceri</strong></span> 
     </span>
     <span class='ocr_line' id='line_1_36' title="bbox 431 4571 1482 4664; baseline 0.007 -28"><span class='ocrx_word' id='word_1_275' title='bbox 431 4573 483 4636; x_wconf 91' lang='lat' dir='ltr'><strong>sui</strong></span> <span class='ocrx_word' id='word_1_276' title='bbox 505 4571 699 4660; x_wconf 80' lang='lat' dir='ltr'><strong>alienigenae</strong></span> <span class='ocrx_word' id='word_1_277' title='bbox 729 4595 796 4640; x_wconf 91' lang='lat' dir='ltr'><strong>non</strong></span> <span class='ocrx_word' id='word_1_278' title='bbox 822 4577 1021 4664; x_wconf 88' lang='lat' dir='ltr'><strong>contempsit</strong></span> <span class='ocrx_word' id='word_1_279' title='bbox 1054 4577 1228 4644; x_wconf 84' lang='lat' dir='ltr'><strong>informari</strong></span> <span class='ocrx_word' id='word_1_280' title='bbox 1261 4577 1397 4645; x_wconf 90' lang='lat' dir='ltr'><strong>oonsilio</strong></span> <span class='ocrx_word' id='word_1_281' title='bbox 1431 4599 1482 4643; x_wconf 85' lang='lat' dir='ltr'><strong>sa-</strong></span> 
     </span>
     <span class='ocr_line' id='line_1_37' title="bbox 430 4693 525 4740; baseline 0.021 -2"><span class='ocrx_word' id='word_1_282' title='bbox 430 4693 525 4740; x_wconf 90' lang='lat' dir='ltr'><strong>n10r1.</strong></span> 
     </span>
    </p>
   </div>
   <div class='ocr_carea' id='block_1_7' title="bbox 0 0 1796 5798">
    <p class='ocr_par' dir='ltr' id='par_1_12' title="bbox 0 0 1796 5798">
     <span class='ocr_line' id='line_1_38' title="bbox 0 0 1796 5798; baseline 0 7"><span class='ocrx_word' id='word_1_283' title='bbox 0 0 1796 5798; x_wconf 95' lang='lat' dir='ltr'><strong> </strong></span> 
     </span>
    </p>
   </div>
  </div>
 </body>
</html>
