3606 5798
428 881 494 944 310
695 887 938 938 miserrumum
961 888 1135 936 nucarum
1160 889 1202 936 ro

429 1099 489 1164 pro
512 1084 607 1142 reatu
631 1099 727 1162 quem
760 1076 928 1140 contraxit
959 1074 1179 1159 praecipiendo
1208 1073 1376 1158 [mortem]
1401 1091 1485 1157 prae·

431 1183 511 1246 dicti
545 1180 742 1244 sanctissimi
775 1177 935 1263 praesulis,
958 1199 1085 1240 necnon
1120 1181 1234 1240 contra
1266 1177 1377 1240 omnia
1406 1175 1485 1259 jura

261 1310 317 1358 ‘rue
330 1307 395 1372 grief
431 1285 491 1347 sibi
518 1283 672 1367 nequiter
705 1286 894 1366 procurata„
932 1279 1017 1344 Cum
1041 1301 1117 1343 vero
1142 1279 1310 1342 Romanus
1333 1277 1485 1364 pontifex

260 1375 418 1490 oquqpqpe
432 1385 624 1447 nuntiorum
650 1381 752 1444 verba
774 1381 928 1456 audisset,
953 1381 1124 1464 ingemuit,
1141 1385 1175 1443 et
1198 1381 1356 1465 plurimas
1379 1379 1484 1443 effun-

261 1457 419 1556 ldhiarhnu'
433 1487 513 1549 dens
528 1485 690 1568 lacrymas
706 1505 779 1547 cum
796 1484 941 1548 maximo
965 1505 1103 1546 moerore
1127 1483 1232 1546 dixit:
1255 1491 1271 1515 ‘⁴
1283 1481 1380 1546 Heu!
1402 1481 1485 1545 heu!

263 1574 389 1690 ffiffl·
434 1598 449 1622 “
474 1588 562 1671 quod
587 1589 622 1649 in
645 1586 761 1649 diebus
784 1585 866 1648 meis
890 1589 984 1648 tanto
1007 1584 1125 1648 scelere
1150 1583 1275 1648 Christi
1298 1605 1418 1670 sponsa
1441 1583 1486 1646 sit

262 1709 329 1756 dors.
433 1698 450 1724 “
472 1689 649 1772 impiorum
676 1686 831 1750 manibus
854 1690 923 1748 tam
951 1686 1094 1770 turpiter
1115 1685 1336 1749 obscuratal’'
1367 1685 1412 1747 Et
1434 1685 1486 1747 his

433 1790 530 1854 dictis
554 1789 694 1852 recessit.
743 1787 891 1871 Cumque
915 1787 996 1852 dicti
1023 1789 1134 1851 nuntii
1167 1788 1247 1850 dicti
1280 1788 1365 1872 regis
1387 1787 1486 1850 nudis

432 1891 571 1976 pedibus
598 1889 761 1974 capitibus
784 1889 1006 1973 discoopertis,
1029 1895 1063 1952 et
1086 1888 1233 1952 restibus
1256 1887 1486 1952 tantummodo

433 1993 529 2056 lineis
568 1991 688 2064 induti,
723 1991 864 2066 veniam,
903 1989 1210 2074 indulgentiamque
1243 1996 1278 2054 et
1309 1991 1485 2065 absolutio-

225 2125 226 2128 *
267 2094 402 2162 Asopon·
435 2117 509 2158 nem
542 2093 773 2178 postulassent,
806 2097 841 2156 et
874 2092 1064 2155 nullatenus
1100 2092 1329 2176 profecissent;
1351 2091 1485 2156 taudem

264 2162 398 2289 ἰῗζὲῗξῗο
436 2217 545 2282 preces
568 2194 719 2279 precibus
742 2194 980 2278 immergentes
1004 2199 1038 2257 ct
1061 2194 1203 2279 pretiosa
1225 2215 1361 2258 munera
1383 2194 1486 2258 cardi-

265 2293 347 2406 fqunu
438 2297 567 2360 ualibus
590 2301 625 2360 et
647 2295 858 2360 cubiculariis
881 2294 1124 2370 distribuentes,
1149 2295 1211 2358 sub
1245 2295 1307 2360 hac
1341 2301 1487 2382 tautum-

266 2371 403 2474 {¹32⁸qu
437 2400 533 2463 modo
567 2399 755 2462 conditione
792 2398 972 2483 plenariam
1006 2397 1247 2482 indulgentiam
1279 2399 1384 2462 eidem
1419 2399 1488 2483 regi

267 2491 400 2608 ffiffie
436 2503 663 2573 obtinuerunt,
698 2506 737 2563 ut
771 2501 859 2564 idem
883 2522 950 2576 rex,
975 2500 1072 2563 tactis
1103 2501 1318 2564 sacrosanctis
1340 2501 1488 2585 reliquiis

404 2596 408 2605 ¹
436 2605 640 2678 Sanctorum,
669 2603 798 2688 juraret
836 2603 901 2666 tria
938 2623 1026 2665 nova
1064 2603 1262 2667 monasteria
1301 2609 1487 2668 construere

434 2708 567 2772 acrioris
600 2705 819 2770 observantiee
857 2704 962 2767 totius
996 2703 1260 2768 Christianitatis
1291 2704 1327 2767 in
1365 2705 1487 2770 honore

434 2811 536 2872 trium
568 2808 595 2870 F
596 2813 739 2870 estonun
772 2805 1021 2890 principaliurn3
1057 2811 1092 2868 et
1126 2805 1214 2889 quod
1249 2806 1379 2870 dotaret
1416 2808 1487 2886 ipsa

434 2908 633 2972 monasteria
675 2907 798 2991 absque
837 2906 906 2970 ulla
943 2907 1051 2969 oneris
1089 2907 1306 2991 impositione,
1340 2913 1379 2970 ut
1415 2907 1488 2970 reli-

434 3012 516 3095 giosi
545 3011 580 3072 in
614 3009 737 3072 eisdem
770 3009 925 3093 degentes
960 3029 1035 3071 curu
1068 3009 1214 3071 onmium
1246 3030 1326 3093 pace
1358 3016 1392 3073 et
1418 3010 1488 3072 ani-

435 3133 562 3174 morum
608 3112 718 3194 quiete
764 3109 835 3173 Deo
873 3110 1029 3193 gratuitis
1074 3111 1238 3194 obsequiis
1276 3111 1487 3175 deservirent

435 3215 571 3278 Reversi
594 3213 714 3288 nuntii,
742 3214 853 3276 omnia
877 3213 1033 3289 referunt,
1056 3213 1190 3296 regique
1212 3219 1377 3298 praecepta
1399 3214 1489 3298 Apo-

435 3315 560 3392 stolica,
583 3321 617 3379 et
645 3315 762 3378 salutis
794 3319 927 3379 {eternas
953 3315 1093 3398 januam
1116 3315 1179 3376 sibi
1202 3321 1358 3398 apertam.
1406 3315 1488 3394 Quae

435 3419 547 3482 omnia
580 3417 797 3481 libentissime
830 3417 982 3500 suscepit,
1014 3420 1048 3479 et
1086 3417 1155 3501 ipse
1181 3416 1310 3499 juravit
1348 3417 1490 3482 fideliter

436 3520 683 3604 completurum.
727 3518 792 3582 Sed
817 3519 897 3602 quid
928 3517 1059 3602 proficit
1089 3517 1220 3581 infirmo
1244 3539 1304 3582 sua
1339 3519 1489 3604 detegere

269 3627 364 3676 Which
376 3630 409 3678 he
438 3622 585 3698 vulnera,
609 3622 673 3684 nisi
698 3621 853 3685 sanitatis
876 3621 1021 3684 remedia
1036 3620 1180 3683 voluerit
1195 3620 1378 3685 adhibere?
1402 3621 1490 3685 Nam

268 3695 418 3810 ggff¹⁰⁰¹⁸¹⁰
439 3745 541 3808 usque
565 3723 607 3787 ad
630 3729 813 3786 extremam
836 3721 916 3784 vit‘e
940 3743 1008 3784 suae
1031 3720 1145 3785 horam
1169 3721 1256 3786 idern
1287 3745 1345 3786 rex
1370 3723 1489 3786 Henri-

439 3847 495 3889 cus
521 3825 667 3902 Quartus
691 3830 725 3888 et
747 3824 889 3909 propriae
912 3824 1033 3887 animae
1055 3823 1245 3901 remedium,
1265 3830 1299 3887 et
1322 3825 1490 3910 publicum

434 3929 670 4013 juramentum,
707 3932 744 3990 et
776 3923 1004 4009 Apostolicum
1036 3924 1184 4008 neglexit
1222 3926 1424 4004 mandatum,
1457 3932 1492 3992 et

440 4036 588 4093 mortuus
612 4034 669 4091 est.

268 4134 378 4182 mornas
485 4132 564 4194 Post
587 4134 726 4194 mortem
750 4127 897 4211 ejusdem
920 4129 1006 4214 regis
1029 4129 1149 4193 accidit
1164 4129 1330 4213 quoddam
1342 4129 1490 4194 mirabile

269 4201 377 4315 {335}ss
440 4236 482 4299 ad
507 4234 655 4319 praedicti
678 4232 803 4296 domini
828 4232 960 4326 Ricardi
991 4231 1232 4317 archipraesulis
1265 4234 1403 4319 gloriam
1436 4236 1491 4299 de·

272 4330 427 4448 fffflffld
441 4337 637 4410 clarandam‚
661 4340 695 4398 et
718 4339 850 4398 aeternae
873 4335 1039 4398 memoriae
1055 4333 1354 4400 commendandam.
1403 4335 1491 4400 Nam

271 4415 409 4512 ateno‘uns-
442 4438 529 4500 iufra
560 4437 699 4521 triginta
721 4437 801 4527 dies
833 4441 907 4520 post
939 4441 1078 4500 mortem
1111 4436 1192 4501 dieti
1230 4439 1316 4522 regis
1355 4437 1492 4503 Henrici

272 4531 327 4580 ¹⁰W·
443 4540 561 4616 Quarti
585 4539 678 4602 venit
693 4539 827 4622 quidam
844 4539 896 4602 vir
911 4539 951 4602 de
974 4538 1100 4603 familia
1123 4540 1268 4623 ejusdem
1292 4541 1334 4604 ad
1358 4541 1491 4604 domum

444 4642 573 4705 Sanetae
597 4641 770 4704 Trinitatis
794 4641 833 4704 de
860 4640 1112 4706 Howndeslowe
1140 4642 1293 4707 vescendi
1328 4663 1434 4719 causa,
1459 4648 1493 4708 et

442 4765 516 4808 curn
539 4744 575 4806 in
597 4741 735 4827 prandio
758 4744 1053 4808 sermocinarentur
1076 4743 1325 4810 circumstantes
1356 4745 1396 4809 de
1419 4766 1493 4834 pro·
