3410 5840
566 895 665 946 mvsa
689 895 732 943 os
754 895 824 946 rsa
847 893 1094 944 sncnarssors.
1275 877 1340 942 525

290 1115 413 1169 qaoque,
439 1095 586 1152 bominem
621 1101 766 1160 sanctam,
803 1095 976 1166 Glesgnensi
1009 1095 1148 1160 ecelesia,
1173 1095 1344 1150 canonicam

290 1186 485 1244 obedientiam
502 1175 565 1242 sibi
582 1176 704 1264 scripio
727 1185 922 1258 profitentem,
947 1185 1116 1257 episcopum
1132 1176 1343 1242 consecravit.

291 1276 459 1334 Prabeudis
490 1288 621 1352 quoque
659 1275 865 1333 canonicorum
897 1275 1012 1331 Sanctae
1051 1273 1153 1332 Mariua
1188 1277 1224 1332 de
1257 1275 1343 1342 Suthf
1358 1257 1491 1309 Th⁰¹³¹⁸⁸'⁸

290 1368 372 1432 welle
407 1365 529 1422 eandem
560 1365 725 1421 libertatem
760 1383 777 1420 a
808 1381 876 1434 rego
909 1365 1037 1422 Henrico
1070 1355 1225 1434 obtinuit,
1258 1383 1345 1438 qaam
1358 1327 1443 1444 5223&

291 1446 434 1514 ecelesiae
458 1445 572 1513 Sancti
603 1445 693 1510 Pelrl
717 1445 814 1522 Ebot,
837 1461 866 1510 et
902 1454 1001 1510 Sancti
1035 1453 1178 1510 Johannis
1212 1455 1345 1510 Bererla·

291 1546 396 1611 censis,
412 1549 442 1600 et
458 1545 559 1601 Sancti
574 1543 705 1600 Wilsridi
717 1543 752 1600 de
775 1544 874 1615 Riptm
890 1544 1055 1615 prebenda
1079 1543 1196 1609 habent,
1214 1550 1253 1610 et,
1270 1545 1347 1616 qnod

291 1635 328 1690 ad
351 1635 448 1707 ipsum
470 1633 644 1706 pertinebat,
676 1634 712 1688 ab
734 1633 814 1688 omni
837 1633 995 1705 episcopali
1018 1634 1225 1688 consuetudine
1248 1640 1278 1688 et
1300 1653 1347 1688 ex·

292 1726 404 1780 actione
420 1724 452 1778 in
475 1723 604 1780 eeclesiis
627 1729 656 1778 et
682 1723 767 1778 terris
800 1723 905 1780 liberas
930 1741 978 1778 eas
1005 1729 1036 1778 et
1067 1722 1179 1794 quietas
1206 1723 1349 1780 concessit

292 1819 322 1870 et
344 1814 536 1870 confirmavit.
583 1811 729 1868 Aldredus
751 1813 835 1868 bonae
858 1812 1007 1868 memoriae
1034 1812 1156 1867 altimus
1179 1812 1348 1885 Angligena

292 1904 524 1976 archiepiscopus
562 1903 731 1974 praebendas
770 1903 846 1968 illas,
884 1897 925 1958 ub
958 1894 1184 1978 supradictum
1219 1899 1279 1968 esi,
1313 1904 1349 1958 de

292 1999 370 2048 terra
393 1993 527 2066 emptitia
550 1993 629 2060 fecit,
653 1991 704 2048 sed
734 1994 831 2064 regias
857 1992 1082 2048 consuetudines
1105 1994 1152 2048 vol
1184 1993 1349 2048 exactiones

293 2084 329 2138 ab
353 2081 411 2137 illis
434 2099 528 2138 emere
551 2101 610 2136 non
626 2082 732 2154 potnit,
749 2082 853 2154 quibus
876 2082 1001 2156 vendero
1016 2101 1076 2138 non
1100 2082 1214 2138 licebat.
1260 2082 1348 2138 Anno

293 2172 455 2228 Dominiom
492 2170 701 2226 incarnationis
726 2173 878 2235 n⁰c⁰x1111⁰‚
910 2176 940 2226 et
962 2171 1045 2242 regni
1078 2171 1200 2227 Hearici
1224 2177 1283 2236 κιο,
1319 2177 1349 2227 et

293 2261 556 2334 archiepiscopatus
580 2261 624 2316 sui
652 2265 719 2326 v110,
736 2252 799 2336 piae
822 2252 988 2316 memoriae
1013 2251 1183 2316 Secundus
1206 2251 1348 2317 Thomas

294 2342 507 2407 Eboraoensis
530 2341 674 2406 ecclesiae
707 2341 927 2427 archipresul,
957 2349 1029 2404 xiiii.
1063 2351 1202 2406 kalendas
1236 2351 1348 2416 Martii,

294 2441 367 2495 fena
402 2441 462 2506 iiie,
486 2441 563 2512 apud
587 2441 775 2495 Bevorlaoum
803 2431 980 2496 defunctus
1004 2436 1062 2507 est,
1087 2436 1122 2496 et
1155 2432 1190 2494 in
1214 2431 1350 2498 eeclesia

295 2521 408 2586 Sancti
433 2521 523 2585 Petri
545 2521 635 2606 apud
658 2521 840 2586 Eboracum
864 2529 954 2599 digno
976 2529 1086 2584 honore
1109 2519 1266 2606 sepultus.

340 2632 449 2688 Eodem
472 2643 550 2690 vero
573 2649 659 2697 anuo,
684 2631 731 2688 dio
754 2631 972 2703 Assumptionis
996 2632 1111 2687 Sanctae
1135 2631 1247 2697 Mariae,
1271 2633 1349 2704 apud
1362 2625 1452 2756 ffilgp

294 2722 486 2788 wintoniam,
510 2721 674 2788 Turstiuus,
700 2721 820 2778 Honrici
845 2722 921 2792 regis
954 2721 1131 2793 capellanus,
1156 2712 1191 2802 in
1224 2711 1349 2780 Ebora.-
1363 2757 1477 2810 rhum

294 2815 383 2882 censi
415 2813 696 2900 archiepiscopatu
732 2813 782 2878 illi
810 2823 956 2880 sucessit.
1004 2823 1062 2880 Hic
1084 2835 1172 2892 vero,
1207 2815 1352 2882 ecclesiae

295 2937 363 2982 suae
386 2915 562 3002 pristinam
578 2915 775 3001 dignitatem
799 2916 889 2980 omni
907 2917 1019 2982 studio
1042 2936 1193 3002 reparare
1209 2917 1352 3002 cupiens,

296 3039 395 3104 quam
432 3017 542 3104 plures
581 3017 621 3082 de
656 3018 916 3084 antecessoribus
954 3017 1023 3082 suis
1057 3017 1352 3082 Cantuariensibus

295 3121 549 3206 archiepiscopis
571 3120 722 3186 fecerant
743 3119 980 3206 professionem
1007 3119 1100 3186 nullo
1128 3120 1224 3186 modo
1247 3119 1352 3186 facere

295 3223 412 3302 voluit,
439 3223 527 3288 uude
550 3227 628 3288 eta
659 3243 735 3308 rege
759 3222 915 3300 Hearico,
939 3227 1016 3288 eta
1047 3221 1194 3288 Radulfo
1226 3221 1353 3288 Cantu-

294 3325 416 3390 arieasi
439 3325 692 3410 archiepiscopo,
716 3329 752 3389 et
774 3325 817 3389 ab
845 3325 998 3392 omnibus
1031 3323 1098 3390 fere
1121 3324 1252 3411 Angliae
1285 3327 1354 3412 epi-

296 3427 412 3512 scopis,
435 3431 469 3490 et
491 3447 512 3490 a
533 3425 684 3512 pluribus
707 3425 885 3492 baronibus
909 3425 966 3511 qui
989 3425 1039 3490 illi
1061 3425 1227 3505 favebant,
1243 3429 1355 3513 saepis·

297 3529 379 3594 sime
402 3533 436 3593 et
467 3528 660 3614 gravissime
693 3529 728 3592 iu
764 3533 896 3594 tantum
925 3533 1067 3594 vexatus
1099 3535 1157 3606 est,
1181 3535 1221 3594 ut
1255 3530 1354 3596 semel
1368 3525 1395 3575 1⁸
1407 3539 1491 3589 perse

299 3631 335 3694 in
359 3630 501 3715 quodam
526 3629 673 3696 Concilio
701 3630 791 3714 apud
815 3629 991 3694 Salasbiris
1023 3631 1221 3715 pastoralem
1255 3631 1354 3696 baou-
1368 3593 1488 3708 ecopgp‘py

300 3730 371 3796 lum
409 3731 554 3808 reddere,
589 3737 624 3796 et
661 3731 855 3796 multotiens
892 3729 959 3796 noir
997 3731 1103 3796 solum
1141 3732 1354 3817 praesulatum
1368 3726 1440 3790 aur-5.

303 3855 410 3910 suum,
433 3833 489 3897 sed
524 3837 558 3898 et
589 3831 671 3898 fines
694 3831 826 3918 Angliee
858 3837 892 3898 et
927 3833 1141 3900 Normanniae
1173 3835 1355 3920 relinquere

304 3939 480 4020 cogeretur.
536 3933 619 3998 Exit
651 3955 727 4020 ergo
762 3935 840 4000 exul
871 3935 1031 4020 egregius,
1055 3940 1089 4000 et
1120 3957 1179 4022 per
1212 3937 1357 4024 insignia

304 4037 504 4102 monasteria
526 4037 654 4115 Galliae,
678 4037 890 4122 Burgundios,
911 4035 1019 4102 Italiae
1034 4039 1199 4104 transiens
1222 4041 1355 4106 tandem

305 4139 491 4224 praesentire
525 4138 659 4224 dompni
697 4160 791 4224 papae
826 4137 953 4202 Calixti
987 4145 1214 4223 praesentatur,
1238 4165 1258 4206 a
1291 4163 1356 4228 quo

305 4241 376 4326 ejus
404 4261 503 4306 causa
529 4241 662 4326 cognita
696 4261 817 4326 magno
849 4261 923 4306 cum
956 4240 1078 4306 honore
1113 4243 1298 4330 suscipitur,
1323 4251 1357 4310 et

305 4349 430 4430 quanto
453 4343 559 4428 magis
582 4364 602 4407 a
625 4343 694 4408 suis
726 4341 954 4428 compatriotis
977 4342 1163 4422 infestatur,
1187 4351 1264 4412 eta
1298 4369 1358 4412 sua

305 4445 414 4531 patria
446 4444 628 4530 elongatur,
656 4449 751 4508 tanto
783 4443 1009 4509 honorabilius
1041 4445 1076 4508 in
1109 4448 1283 4534 peregrina
1315 4449 1357 4514 ab

304 4546 422 4612 alienis
456 4545 643 4631 suscipitur,
667 4551 855 4622 veneratur,
887 4547 1092 4630 praedicatur.
1140 4549 1211 4616 Neo
1243 4552 1358 4618 imme-

134 4665 232 4782 {liiapl
304 4650 378 4726 ribo,
402 4647 558 4734 quoniam
592 4647 680 4712 inter
712 4647 824 4712 omnia
857 4647 996 4712 adversa
1028 4661 1294 4717 constantissimum
1328 4667 1360 4720 et

167 4749 270 4796 exam,
308 4760 314 4772 ·

135 4816 158 4851 ο.
171 4805 209 4850 Π.
306 4759 532 4816 mvietissimum
554 4759 685 4814 animam
709 4759 835 4832 gerebat.
