<?xml version="1.0" encoding="UTF-8"?>
<!DOCTYPE html PUBLIC "-//W3C//DTD XHTML 1.0 Transitional//EN"
    "http://www.w3.org/TR/xhtml1/DTD/xhtml1-transitional.dtd">
<html xmlns="http://www.w3.org/1999/xhtml" xml:lang="en" lang="en">
 <head>
  <title>
</title>
<meta http-equiv="Content-Type" content="text/html;charset=utf-8" />
  <meta name='ocr-system' content='tesseract 3.04.00' />
  <meta name='ocr-capabilities' content='ocr_page ocr_carea ocr_par ocr_line ocrx_word'/>
</head>
<body>
  <div class='ocr_page' id='page_1' title='image "./historianschurc00raingoog/historianschurc00raingoog_0328.png"; bbox 0 0 3606 5798; ppageno 0'>
   <div class='ocr_carea' id='block_1_1' title="bbox 397 851 1123 920">
    <p class='ocr_par' dir='ltr' id='par_1_1' title="bbox 397 851 1123 920">
     <span class='ocr_line' id='line_1_1' title="bbox 397 851 1123 920; baseline 0.01 -6"><span class='ocrx_word' id='word_1_1' title='bbox 397 851 462 914; x_wconf 80' lang='lat'><strong>286</strong></span> <span class='ocrx_word' id='word_1_2' title='bbox 721 865 802 916; x_wconf 77' lang='lat' dir='ltr'><strong>arra</strong></span> <span class='ocrx_word' id='word_1_3' title='bbox 823 863 868 916; x_wconf 85' lang='lat' dir='ltr'><strong>or</strong></span> <span class='ocrx_word' id='word_1_4' title='bbox 890 865 937 919; x_wconf 87' lang='lat' dir='ltr'><strong>sr.</strong></span> <span class='ocrx_word' id='word_1_5' title='bbox 961 866 1123 920; x_wconf 82' lang='lat' dir='ltr'><strong>wrmmu.</strong></span> 
     </span>
    </p>
   </div>
   <div class='ocr_carea' id='block_1_2' title="bbox 396 1019 1446 1243">
    <p class='ocr_par' dir='ltr' id='par_1_2' title="bbox 396 1019 1446 1243">
     <span class='ocr_line' id='line_1_2' title="bbox 396 1019 1446 1142; baseline 0.003 -26"><span class='ocrx_word' id='word_1_6' title='bbox 396 1019 615 1118; x_wconf 80' lang='lat' dir='ltr'><strong>retentionem</strong></span> <span class='ocrx_word' id='word_1_7' title='bbox 661 1053 833 1121; x_wconf 84' lang='lat' dir='ltr'><strong>excitavit</strong></span> <span class='ocrx_word' id='word_1_8' title='bbox 910 1053 1036 1122; x_wconf 86' lang='lat' dir='ltr'><strong>Accitis</strong></span> <span class='ocrx_word' id='word_1_9' title='bbox 1078 1053 1183 1142; x_wconf 88' lang='lat' dir='ltr'><strong>igitur</strong></span> <span class='ocrx_word' id='word_1_10' title='bbox 1227 1053 1446 1122; x_wconf 72' lang='lat' dir='ltr'><strong>familiaribus</strong></span> 
     </span>
     <span class='ocr_line' id='line_1_3' title="bbox 396 1155 1446 1243; baseline 0.001 -24"><span class='ocrx_word' id='word_1_11' title='bbox 396 1155 590 1223; x_wconf 83' lang='lat' dir='ltr'><strong>violentiam</strong></span> <span class='ocrx_word' id='word_1_12' title='bbox 624 1155 783 1222; x_wconf 67' lang='lat' dir='ltr'><strong>daemonis</strong></span> <span class='ocrx_word' id='word_1_13' title='bbox 812 1177 909 1243; x_wconf 80' lang='lat' dir='ltr'><strong>passo</strong></span> <span class='ocrx_word' id='word_1_14' title='bbox 941 1157 1080 1224; x_wconf 83' lang='lat' dir='ltr'><strong>manicae</strong></span> <span class='ocrx_word' id='word_1_15' title='bbox 1117 1158 1230 1224; x_wconf 87' lang='lat' dir='ltr'><strong>ferreae</strong></span> <span class='ocrx_word' id='word_1_16' title='bbox 1267 1165 1302 1224; x_wconf 89' lang='lat' dir='ltr'><strong>et</strong></span> <span class='ocrx_word' id='word_1_17' title='bbox 1331 1157 1446 1224; x_wconf 85' lang='lat' dir='ltr'><strong>nodosi</strong></span> 
     </span>
    </p>
   </div>
   <div class='ocr_carea' id='block_1_3' title="bbox 226 1258 1446 1390">
    <p class='ocr_par' dir='ltr' id='par_1_3' title="bbox 226 1258 1446 1390">
     <span class='ocr_line' id='line_1_4' title="bbox 226 1258 1446 1390; baseline 0.002 -69"><span class='ocrx_word' id='word_1_18' title='bbox 226 1273 356 1390; x_wconf 45' lang='lat' dir='ltr'><strong>papgtng</strong></span> <span class='ocrx_word' id='word_1_19' title='bbox 395 1278 501 1322; x_wconf 83' lang='lat' dir='ltr'><strong>nexus</strong></span> <span class='ocrx_word' id='word_1_20' title='bbox 539 1258 769 1326; x_wconf 89' lang='lat' dir='ltr'><strong>adnectuntur.</strong></span> <span class='ocrx_word' id='word_1_21' title='bbox 838 1258 950 1325; x_wconf 82' lang='lat' dir='ltr'><strong>Oculis</strong></span> <span class='ocrx_word' id='word_1_22' title='bbox 977 1259 1090 1345; x_wconf 74' lang='lat' dir='ltr'><strong>itaque</strong></span> <span class='ocrx_word' id='word_1_23' title='bbox 1123 1259 1276 1338; x_wconf 80' lang='lat' dir='ltr'><strong>accemis,</strong></span> <span class='ocrx_word' id='word_1_24' title='bbox 1307 1259 1446 1326; x_wconf 79' lang='lat' dir='ltr'><strong>artubus</strong></span> 
     </span>
    </p>
   </div>
   <div class='ocr_carea' id='block_1_4' title="bbox 223 1359 1446 2368">
    <p class='ocr_par' dir='ltr' id='par_1_4' title="bbox 223 1359 1446 2368">
     <span class='ocr_line' id='line_1_5' title="bbox 395 1359 1445 1447; baseline 0.002 -23"><span class='ocrx_word' id='word_1_25' title='bbox 395 1359 525 1428; x_wconf 88' lang='lat' dir='ltr'><strong>insania</strong></span> <span class='ocrx_word' id='word_1_26' title='bbox 554 1361 783 1440; x_wconf 88' lang='lat' dir='ltr'><strong>trementibus,</strong></span> <span class='ocrx_word' id='word_1_27' title='bbox 813 1360 969 1426; x_wconf 75' lang='lat' dir='ltr'><strong>dentibus</strong></span> <span class='ocrx_word' id='word_1_28' title='bbox 999 1360 1141 1428; x_wconf 79' lang='lat' dir='ltr'><strong>stridore</strong></span> <span class='ocrx_word' id='word_1_29' title='bbox 1173 1362 1346 1447; x_wconf 77' lang='lat' dir='ltr'><strong>quassatis,</strong></span> <span class='ocrx_word' id='word_1_30' title='bbox 1370 1361 1445 1428; x_wconf 90' lang='lat' dir='ltr'><strong>hos-</strong></span> 
     </span>
     <span class='ocr_line' id='line_1_6' title="bbox 394 1461 1446 1549; baseline 0.004 -23"><span class='ocrx_word' id='word_1_31' title='bbox 394 1461 448 1526; x_wconf 90' lang='lat' dir='ltr'><strong>tili</strong></span> <span class='ocrx_word' id='word_1_32' title='bbox 482 1461 604 1549; x_wconf 91' lang='lat' dir='ltr'><strong>spiritu</strong></span> <span class='ocrx_word' id='word_1_33' title='bbox 636 1462 825 1541; x_wconf 85' lang='lat' dir='ltr'><strong>rebellante,</strong></span> <span class='ocrx_word' id='word_1_34' title='bbox 861 1461 1009 1528; x_wconf 74' lang='lat' dir='ltr'><strong>trahitur</strong></span> <span class='ocrx_word' id='word_1_35' title='bbox 1039 1463 1168 1530; x_wconf 89' lang='lat' dir='ltr'><strong>invitus</strong></span> <span class='ocrx_word' id='word_1_36' title='bbox 1196 1464 1242 1530; x_wconf 89' lang='lat' dir='ltr'><strong>ad</strong></span> <span class='ocrx_word' id='word_1_37' title='bbox 1273 1464 1381 1531; x_wconf 88' lang='lat' dir='ltr'><strong>vitam</strong></span> <span class='ocrx_word' id='word_1_38' title='bbox 1410 1469 1446 1530; x_wconf 90' lang='lat' dir='ltr'><strong>et</strong></span> 
     </span>
     <span class='ocr_line' id='line_1_7' title="bbox 360 1564 1446 1651; baseline 0.002 -23"><span class='ocrx_word' id='word_1_39' title='bbox 360 1605 362 1610; x_wconf 83' lang='lat'><em>.</em></span> <span class='ocrx_word' id='word_1_40' title='bbox 394 1565 517 1632; x_wconf 88' lang='lat' dir='ltr'><strong>sanctis</strong></span> <span class='ocrx_word' id='word_1_41' title='bbox 553 1564 753 1651; x_wconf 85' lang='lat' dir='ltr'><strong>relinquitur</strong></span> <span class='ocrx_word' id='word_1_42' title='bbox 782 1564 940 1650; x_wconf 72' lang='lat' dir='ltr'><strong>reliquiis</strong></span> <span class='ocrx_word' id='word_1_43' title='bbox 970 1585 992 1631; x_wconf 90' lang='lat' dir='ltr'><strong>a</strong></span> <span class='ocrx_word' id='word_1_44' title='bbox 1022 1565 1172 1632; x_wconf 83' lang='lat' dir='ltr'><strong>sensibus</strong></span> <span class='ocrx_word' id='word_1_45' title='bbox 1204 1565 1340 1634; x_wconf 82' lang='lat' dir='ltr'><strong>relictus</strong></span> <span class='ocrx_word' id='word_1_46' title='bbox 1372 1566 1446 1630; x_wconf 91' lang='lat' dir='ltr'><strong>uni·</strong></span> 
     </span>
     <span class='ocr_line' id='line_1_8' title="bbox 393 1665 1445 1754; baseline 0.002 -24"><span class='ocrx_word' id='word_1_47' title='bbox 393 1667 505 1736; x_wconf 83' lang='lat' dir='ltr'><strong>versis</strong></span> <span class='ocrx_word' id='word_1_48' title='bbox 549 1667 762 1735; x_wconf 89' lang='lat' dir='ltr'><strong>Admodum</strong></span> <span class='ocrx_word' id='word_1_49' title='bbox 788 1667 892 1754; x_wconf 89' lang='lat' dir='ltr'><strong>igitur</strong></span> <span class='ocrx_word' id='word_1_50' title='bbox 914 1665 1086 1753; x_wconf 87' lang='lat' dir='ltr'><strong>cujusdam</strong></span> <span class='ocrx_word' id='word_1_51' title='bbox 1111 1667 1256 1734; x_wconf 87' lang='lat' dir='ltr'><strong>involuti</strong></span> <span class='ocrx_word' id='word_1_52' title='bbox 1279 1689 1314 1734; x_wconf 86' lang='lat' dir='ltr'><strong>se</strong></span> <span class='ocrx_word' id='word_1_53' title='bbox 1336 1668 1445 1735; x_wconf 91' lang='lat' dir='ltr'><strong>volvit</strong></span> 
     </span>
     <span class='ocr_line' id='line_1_9' title="bbox 392 1771 1444 1859; baseline 0.004 -22"><span class='ocrx_word' id='word_1_54' title='bbox 392 1772 429 1837; x_wconf 92' lang='lat' dir='ltr'><strong>in</strong></span> <span class='ocrx_word' id='word_1_55' title='bbox 450 1771 651 1858; x_wconf 86' lang='lat' dir='ltr'><strong>pavimento,</strong></span> <span class='ocrx_word' id='word_1_56' title='bbox 677 1785 768 1840; x_wconf 86' lang='lat' dir='ltr'><strong>nunc</strong></span> <span class='ocrx_word' id='word_1_57' title='bbox 793 1771 978 1859; x_wconf 88' lang='lat' dir='ltr'><strong>resupinus,</strong></span> <span class='ocrx_word' id='word_1_58' title='bbox 1000 1793 1090 1840; x_wconf 88' lang='lat' dir='ltr'><strong>nunc</strong></span> <span class='ocrx_word' id='word_1_59' title='bbox 1109 1794 1196 1840; x_wconf 77' lang='lat' dir='ltr'><strong>aera</strong></span> <span class='ocrx_word' id='word_1_60' title='bbox 1221 1773 1351 1840; x_wconf 81' lang='lat' dir='ltr'><strong>lanians</strong></span> <span class='ocrx_word' id='word_1_61' title='bbox 1381 1774 1444 1840; x_wconf 85' lang='lat' dir='ltr'><strong>cri-</strong></span> 
     </span>
     <span class='ocr_line' id='line_1_10' title="bbox 223 1873 1443 1960; baseline 0.001 -21"><span class='ocrx_word' id='word_1_62' title='bbox 223 1903 251 1954; x_wconf 76' lang='lat' dir='ltr'><strong>Is</strong></span> <span class='ocrx_word' id='word_1_63' title='bbox 267 1909 381 1960; x_wconf 52' lang='lat' dir='ltr'><strong>mm</strong></span> <span class='ocrx_word' id='word_1_64' title='bbox 392 1874 500 1952; x_wconf 88' lang='lat' dir='ltr'><strong>nibus,</strong></span> <span class='ocrx_word' id='word_1_65' title='bbox 526 1875 680 1942; x_wconf 91' lang='lat' dir='ltr'><strong>manibus</strong></span> <span class='ocrx_word' id='word_1_66' title='bbox 711 1880 747 1942; x_wconf 90' lang='lat' dir='ltr'><strong>et</strong></span> <span class='ocrx_word' id='word_1_67' title='bbox 776 1873 916 1942; x_wconf 85' lang='lat' dir='ltr'><strong>lacertis.</strong></span> <span class='ocrx_word' id='word_1_68' title='bbox 976 1875 1154 1940; x_wconf 82' lang='lat' dir='ltr'><strong>Miseratus</strong></span> <span class='ocrx_word' id='word_1_69' title='bbox 1184 1877 1320 1941; x_wconf 90' lang='lat' dir='ltr'><strong>tandem</strong></span> <span class='ocrx_word' id='word_1_70' title='bbox 1351 1875 1443 1941; x_wconf 89' lang='lat' dir='ltr'><strong>Deus</strong></span> 
     </span>
     <span class='ocr_line' id='line_1_11' title="bbox 224 1961 1441 2088; baseline 0.001 -47"><span class='ocrx_word' id='word_1_71' title='bbox 224 1969 313 2088; x_wconf 43' lang='lat' dir='ltr'><strong>affin</strong></span> <span class='ocrx_word' id='word_1_72' title='bbox 340 2043 347 2065; x_wconf 70' lang='lat'>‚</span> <span class='ocrx_word' id='word_1_73' title='bbox 392 1975 557 2042; x_wconf 85' lang='lat' dir='ltr'><strong>miseriam</strong></span> <span class='ocrx_word' id='word_1_74' title='bbox 584 1976 740 2056; x_wconf 90' lang='lat' dir='ltr'><strong>mulieris,</strong></span> <span class='ocrx_word' id='word_1_75' title='bbox 763 1976 926 2062; x_wconf 74' lang='lat' dir='ltr'><strong>lacrymas</strong></span> <span class='ocrx_word' id='word_1_76' title='bbox 948 1975 985 2039; x_wconf 92' lang='lat' dir='ltr'><strong>in</strong></span> <span class='ocrx_word' id='word_1_77' title='bbox 1008 1975 1124 2042; x_wconf 86' lang='lat' dir='ltr'><strong>caelum</strong></span> <span class='ocrx_word' id='word_1_78' title='bbox 1146 1976 1325 2060; x_wconf 82' lang='lat' dir='ltr'><strong>mittentis,</strong></span> <span class='ocrx_word' id='word_1_79' title='bbox 1343 1961 1441 2042; x_wconf 82' lang='lat' dir='ltr'><strong>mari·</strong></span> 
     </span>
     <span class='ocr_line' id='line_1_12' title="bbox 223 2057 1440 2158; baseline 0.002 -16"><span class='ocrx_word' id='word_1_80' title='bbox 223 2106 301 2158; x_wconf 52' lang='lat' dir='ltr'><strong>amb,</strong></span> <span class='ocrx_word' id='word_1_81' title='bbox 314 2057 361 2092; x_wconf 76' lang='lat'>¹¹¹⁸</span> <span class='ocrx_word' id='word_1_82' title='bbox 392 2081 464 2142; x_wconf 91' lang='lat' dir='ltr'><strong>tum</strong></span> <span class='ocrx_word' id='word_1_83' title='bbox 488 2099 509 2142; x_wconf 90' lang='lat' dir='ltr'><strong>a</strong></span> <span class='ocrx_word' id='word_1_84' title='bbox 530 2079 689 2143; x_wconf 85' lang='lat' dir='ltr'><strong>daemonis</strong></span> <span class='ocrx_word' id='word_1_85' title='bbox 715 2077 881 2157; x_wconf 89' lang='lat' dir='ltr'><strong>dentibus,</strong></span> <span class='ocrx_word' id='word_1_86' title='bbox 904 2081 939 2143; x_wconf 87' lang='lat' dir='ltr'><strong>et</strong></span> <span class='ocrx_word' id='word_1_87' title='bbox 965 2075 1058 2144; x_wconf 89' lang='lat' dir='ltr'><strong>illam</strong></span> <span class='ocrx_word' id='word_1_88' title='bbox 1090 2077 1211 2144; x_wconf 86' lang='lat' dir='ltr'><strong>liberat</strong></span> <span class='ocrx_word' id='word_1_89' title='bbox 1239 2099 1261 2145; x_wconf 93' lang='lat' dir='ltr'><strong>a</strong></span> <span class='ocrx_word' id='word_1_90' title='bbox 1291 2098 1440 2144; x_wconf 87' lang='lat' dir='ltr'><strong>moerore.</strong></span> 
     </span>
     <span class='ocr_line' id='line_1_13' title="bbox 392 2177 1442 2265; baseline 0.002 -23"><span class='ocrx_word' id='word_1_91' title='bbox 392 2177 539 2265; x_wconf 84' lang='lat' dir='ltr'><strong>Expuiso</strong></span> <span class='ocrx_word' id='word_1_92' title='bbox 570 2179 683 2265; x_wconf 90' lang='lat' dir='ltr'><strong>itaque</strong></span> <span class='ocrx_word' id='word_1_93' title='bbox 718 2179 874 2257; x_wconf 84' lang='lat' dir='ltr'><strong>daemone,</strong></span> <span class='ocrx_word' id='word_1_94' title='bbox 906 2184 1041 2264; x_wconf 87' lang='lat' dir='ltr'><strong>stupore</strong></span> <span class='ocrx_word' id='word_1_95' title='bbox 1082 2179 1268 2244; x_wconf 88' lang='lat' dir='ltr'><strong>redduntur</strong></span> <span class='ocrx_word' id='word_1_96' title='bbox 1303 2180 1442 2246; x_wconf 80' lang='lat' dir='ltr'><strong>attoniti</strong></span> 
     </span>
     <span class='ocr_line' id='line_1_14' title="bbox 391 2280 1442 2368; baseline -0.001 -21"><span class='ocrx_word' id='word_1_97' title='bbox 391 2281 650 2360; x_wconf 80' lang='lat' dir='ltr'><strong>circumstantes,</strong></span> <span class='ocrx_word' id='word_1_98' title='bbox 673 2285 708 2348; x_wconf 90' lang='lat' dir='ltr'><strong>et</strong></span> <span class='ocrx_word' id='word_1_99' title='bbox 733 2285 904 2348; x_wconf 83' lang='lat' dir='ltr'><strong>tantarum</strong></span> <span class='ocrx_word' id='word_1_100' title='bbox 935 2281 1118 2346; x_wconf 90' lang='lat' dir='ltr'><strong>sanitatum</strong></span> <span class='ocrx_word' id='word_1_101' title='bbox 1148 2280 1298 2368; x_wconf 88' lang='lat' dir='ltr'><strong>largitori</strong></span> <span class='ocrx_word' id='word_1_102' title='bbox 1328 2281 1442 2347; x_wconf 85' lang='lat' dir='ltr'><strong>laudes</strong></span> 
     </span>
    </p>
   </div>
   <div class='ocr_carea' id='block_1_5' title="bbox 390 2381 1440 2470">
    <p class='ocr_par' dir='ltr' id='par_1_5' title="bbox 390 2381 1440 2470">
     <span class='ocr_line' id='line_1_15' title="bbox 390 2381 1440 2470; baseline -0.001 -22"><span class='ocrx_word' id='word_1_103' title='bbox 390 2382 539 2448; x_wconf 86' lang='lat' dir='ltr'><strong>referunt</strong></span> <span class='ocrx_word' id='word_1_104' title='bbox 575 2384 778 2463; x_wconf 73' lang='lat' dir='ltr'><strong>immensas,</strong></span> <span class='ocrx_word' id='word_1_105' title='bbox 815 2383 962 2449; x_wconf 88' lang='lat' dir='ltr'><strong>dicentes</strong></span> <span class='ocrx_word' id='word_1_106' title='bbox 999 2382 1106 2449; x_wconf 86' lang='lat' dir='ltr'><strong>sancti</strong></span> <span class='ocrx_word' id='word_1_107' title='bbox 1143 2383 1248 2470; x_wconf 89' lang='lat' dir='ltr'><strong>patris</strong></span> <span class='ocrx_word' id='word_1_108' title='bbox 1282 2381 1440 2449; x_wconf 88' lang='lat' dir='ltr'><strong>Willelmi</strong></span> 
     </span>
    </p>
   </div>
   <div class='ocr_carea' id='block_1_6' title="bbox 389 2483 1561 2573">
    <p class='ocr_par' dir='ltr' id='par_1_6' title="bbox 389 2483 1561 2573">
     <span class='ocr_line' id='line_1_16' title="bbox 389 2483 1561 2573; baseline 0.004 -23"><span class='ocrx_word' id='word_1_109' title='bbox 389 2485 531 2570; x_wconf 86' lang='lat' dir='ltr'><strong>gratiam</strong></span> <span class='ocrx_word' id='word_1_110' title='bbox 554 2505 686 2551; x_wconf 92' lang='lat' dir='ltr'><strong>omnem</strong></span> <span class='ocrx_word' id='word_1_111' title='bbox 711 2483 1022 2554; x_wconf 82' lang='lat' dir='ltr'><strong>officiosissimomm</strong></span> <span class='ocrx_word' id='word_1_112' title='bbox 1054 2484 1257 2554; x_wconf 86' lang='lat' dir='ltr'><strong>medicorum</strong></span> <span class='ocrx_word' id='word_1_113' title='bbox 1286 2507 1439 2573; x_wconf 86' lang='lat' dir='ltr'><strong>superare</strong></span> <span class='ocrx_word' id='word_1_114' title='bbox 1555 2493 1561 2500; x_wconf 83' lang='lat'><strong><em>‘</em></strong></span> 
     </span>
    </p>
   </div>
   <div class='ocr_carea' id='block_1_7' title="bbox 220 2587 1497 4627">
    <p class='ocr_par' dir='ltr' id='par_1_7' title="bbox 389 2587 598 2654">
     <span class='ocr_line' id='line_1_17' title="bbox 389 2587 598 2654; baseline 0.01 -2"><span class='ocrx_word' id='word_1_115' title='bbox 389 2587 598 2654; x_wconf 83' lang='lat' dir='ltr'><strong>medicinam.</strong></span> 
     </span>
    </p>

    <p class='ocr_par' dir='ltr' id='par_1_8' title="bbox 222 2689 1459 2778">
     <span class='ocr_line' id='line_1_18' title="bbox 222 2689 1459 2778; baseline -0.005 -14"><span class='ocrx_word' id='word_1_116' title='bbox 222 2711 358 2766; x_wconf 70' lang='lat' dir='ltr'><strong>otherus·</strong></span> <span class='ocrx_word' id='word_1_117' title='bbox 436 2689 526 2772; x_wconf 79' lang='lat' dir='ltr'><strong>Quot</strong></span> <span class='ocrx_word' id='word_1_118' title='bbox 562 2696 641 2757; x_wconf 86' lang='lat' dir='ltr'><strong>ante</strong></span> <span class='ocrx_word' id='word_1_119' title='bbox 678 2711 808 2758; x_wconf 86' lang='lat' dir='ltr'><strong>sacrum</strong></span> <span class='ocrx_word' id='word_1_120' title='bbox 845 2689 1082 2778; x_wconf 84' lang='lat' dir='ltr'><strong>sarcophagum</strong></span> <span class='ocrx_word' id='word_1_121' title='bbox 1121 2689 1191 2756; x_wconf 89' lang='lat' dir='ltr'><strong>sint</strong></span> <span class='ocrx_word' id='word_1_122' title='bbox 1223 2710 1245 2757; x_wconf 87' lang='lat' dir='ltr'><strong>a</strong></span> <span class='ocrx_word' id='word_1_123' title='bbox 1278 2691 1459 2758; x_wconf 80' lang='lat' dir='ltr'><strong>daemonio</strong></span> 
     </span>
    </p>

    <p class='ocr_par' dir='ltr' id='par_1_9' title="bbox 221 2779 1440 3086">
     <span class='ocr_line' id='line_1_19' title="bbox 221 2779 1440 2900; baseline 0 -42"><span class='ocrx_word' id='word_1_124' title='bbox 221 2779 360 2900; x_wconf 40' lang='lat' dir='ltr'><strong>fflffi&#39;d</strong></span> <span class='ocrx_word' id='word_1_125' title='bbox 390 2791 531 2872; x_wconf 89' lang='lat' dir='ltr'><strong>liberati,</strong></span> <span class='ocrx_word' id='word_1_126' title='bbox 563 2799 645 2880; x_wconf 91' lang='lat' dir='ltr'><strong>quot</strong></span> <span class='ocrx_word' id='word_1_127' title='bbox 674 2815 695 2862; x_wconf 93' lang='lat' dir='ltr'><strong>a</strong></span> <span class='ocrx_word' id='word_1_128' title='bbox 720 2793 808 2860; x_wconf 79' lang='lat' dir='ltr'><strong>firria</strong></span> <span class='ocrx_word' id='word_1_129' title='bbox 841 2794 958 2870; x_wconf 88' lang='lat' dir='ltr'><strong>sanati,</strong></span> <span class='ocrx_word' id='word_1_130' title='bbox 988 2792 1145 2878; x_wconf 88' lang='lat' dir='ltr'><strong>explicari</strong></span> <span class='ocrx_word' id='word_1_131' title='bbox 1179 2793 1220 2859; x_wconf 89' lang='lat' dir='ltr'><strong>de</strong></span> <span class='ocrx_word' id='word_1_132' title='bbox 1251 2793 1341 2862; x_wconf 81' lang='lat' dir='ltr'><strong>facili</strong></span> <span class='ocrx_word' id='word_1_133' title='bbox 1373 2815 1440 2860; x_wconf 91' lang='lat' dir='ltr'><strong>non</strong></span> 
     </span>
     <span class='ocr_line' id='line_1_20' title="bbox 389 2895 1440 2984; baseline 0 -22"><span class='ocrx_word' id='word_1_134' title='bbox 389 2903 500 2984; x_wconf 89' lang='lat' dir='ltr'><strong>posset</strong></span> <span class='ocrx_word' id='word_1_135' title='bbox 528 2919 550 2964; x_wconf 88' lang='lat' dir='ltr'><strong>a</strong></span> <span class='ocrx_word' id='word_1_136' title='bbox 572 2918 747 2984; x_wconf 91' lang='lat' dir='ltr'><strong>quoquam,</strong></span> <span class='ocrx_word' id='word_1_137' title='bbox 770 2896 870 2962; x_wconf 90' lang='lat' dir='ltr'><strong>etiam</strong></span> <span class='ocrx_word' id='word_1_138' title='bbox 901 2896 930 2962; x_wconf 90' lang='lat' dir='ltr'><strong>si</strong></span> <span class='ocrx_word' id='word_1_139' title='bbox 964 2895 1145 2962; x_wconf 90' lang='lat' dir='ltr'><strong>multorum</strong></span> <span class='ocrx_word' id='word_1_140' title='bbox 1176 2916 1271 2964; x_wconf 89' lang='lat' dir='ltr'><strong>voces</strong></span> <span class='ocrx_word' id='word_1_141' title='bbox 1304 2897 1341 2962; x_wconf 90' lang='lat' dir='ltr'><strong>in</strong></span> <span class='ocrx_word' id='word_1_142' title='bbox 1373 2917 1440 2962; x_wconf 91' lang='lat' dir='ltr'><strong>uno</strong></span> 
     </span>
     <span class='ocr_line' id='line_1_21' title="bbox 389 2993 961 3086; baseline 0.005 -20"><span class='ocrx_word' id='word_1_143' title='bbox 389 3004 498 3066; x_wconf 85' lang='lat' dir='ltr'><strong>essent</strong></span> <span class='ocrx_word' id='word_1_144' title='bbox 520 2999 718 3086; x_wconf 85' lang='lat' dir='ltr'><strong>glomeratae.</strong></span> <span class='ocrx_word' id='word_1_145' title='bbox 957 2993 961 3004; x_wconf 74' lang='lat'>&#39;</span> 
     </span>
    </p>

    <p class='ocr_par' dir='ltr' id='par_1_10' title="bbox 220 3099 1439 3201">
     <span class='ocr_line' id='line_1_22' title="bbox 220 3099 1439 3201; baseline -0.003 -31"><span class='ocrx_word' id='word_1_146' title='bbox 220 3134 311 3201; x_wconf 75' lang='lat' dir='ltr'><strong>Abay</strong></span> <span class='ocrx_word' id='word_1_147' title='bbox 433 3102 552 3190; x_wconf 82' lang='lat' dir='ltr'><strong>Operae</strong></span> <span class='ocrx_word' id='word_1_148' title='bbox 589 3103 734 3189; x_wconf 88' lang='lat' dir='ltr'><strong>pretium</strong></span> <span class='ocrx_word' id='word_1_149' title='bbox 772 3107 824 3167; x_wconf 88' lang='lat' dir='ltr'><strong>est</strong></span> <span class='ocrx_word' id='word_1_150' title='bbox 868 3099 953 3166; x_wconf 93' lang='lat' dir='ltr'><strong>illud</strong></span> <span class='ocrx_word' id='word_1_151' title='bbox 999 3100 1100 3166; x_wconf 89' lang='lat' dir='ltr'><strong>etiam</strong></span> <span class='ocrx_word' id='word_1_152' title='bbox 1145 3099 1311 3166; x_wconf 85' lang='lat' dir='ltr'><strong>memoriae</strong></span> <span class='ocrx_word' id='word_1_153' title='bbox 1352 3121 1439 3168; x_wconf 92' lang='lat' dir='ltr'><strong>com·</strong></span> 
     </span>
    </p>

    <p class='ocr_par' dir='ltr' id='par_1_11' title="bbox 220 3200 1497 3291">
     <span class='ocr_line' id='line_1_23' title="bbox 220 3200 1497 3291; baseline -0.001 -22"><span class='ocrx_word' id='word_1_154' title='bbox 220 3201 311 3252; x_wconf 74' lang='lat' dir='ltr'><strong>witha</strong></span> <span class='ocrx_word' id='word_1_155' title='bbox 389 3207 554 3284; x_wconf 78' lang='lat' dir='ltr'><strong>mendam,</strong></span> <span class='ocrx_word' id='word_1_156' title='bbox 577 3206 666 3291; x_wconf 91' lang='lat' dir='ltr'><strong>quod</strong></span> <span class='ocrx_word' id='word_1_157' title='bbox 695 3205 867 3291; x_wconf 86' lang='lat' dir='ltr'><strong>cujusdam</strong></span> <span class='ocrx_word' id='word_1_158' title='bbox 899 3200 993 3289; x_wconf 92' lang='lat' dir='ltr'><strong>pueri</strong></span> <span class='ocrx_word' id='word_1_159' title='bbox 1024 3223 1160 3268; x_wconf 88' lang='lat' dir='ltr'><strong>manum</strong></span> <span class='ocrx_word' id='word_1_160' title='bbox 1190 3202 1361 3268; x_wconf 76' lang='lat' dir='ltr'><strong>dextmam</strong></span> <span class='ocrx_word' id='word_1_161' title='bbox 1392 3205 1440 3269; x_wconf 86' lang='lat' dir='ltr'><strong>sic</strong></span> <span class='ocrx_word' id='word_1_162' title='bbox 1492 3233 1497 3242; x_wconf 86' lang='lat'><em>·</em></span> 
     </span>
    </p>

    <p class='ocr_par' dir='ltr' id='par_1_12' title="bbox 220 3267 1441 3390">
     <span class='ocr_line' id='line_1_24' title="bbox 220 3267 1441 3390; baseline -0.004 -15"><span class='ocrx_word' id='word_1_163' title='bbox 220 3267 352 3386; x_wconf 39' lang='lat' dir='ltr'><strong>iffi&amp;</strong></span> <span class='ocrx_word' id='word_1_164' title='bbox 389 3308 549 3374; x_wconf 89' lang='lat' dir='ltr'><strong>contrivit</strong></span> <span class='ocrx_word' id='word_1_165' title='bbox 578 3307 696 3373; x_wconf 87' lang='lat' dir='ltr'><strong>innata</strong></span> <span class='ocrx_word' id='word_1_166' title='bbox 732 3303 923 3382; x_wconf 84' lang='lat' dir='ltr'><strong>contractio,</strong></span> <span class='ocrx_word' id='word_1_167' title='bbox 961 3302 1050 3390; x_wconf 92' lang='lat' dir='ltr'><strong>quod</strong></span> <span class='ocrx_word' id='word_1_168' title='bbox 1091 3303 1180 3369; x_wconf 89' lang='lat' dir='ltr'><strong>inter</strong></span> <span class='ocrx_word' id='word_1_169' title='bbox 1222 3303 1364 3370; x_wconf 89' lang='lat' dir='ltr'><strong>indicem</strong></span> <span class='ocrx_word' id='word_1_170' title='bbox 1406 3309 1441 3370; x_wconf 92' lang='lat' dir='ltr'><strong>et</strong></span> 
     </span>
    </p>

    <p class='ocr_par' dir='ltr' id='par_1_13' title="bbox 221 3403 1441 4627">
     <span class='ocr_line' id='line_1_25' title="bbox 221 3403 1439 3496; baseline -0.002 -20"><span class='ocrx_word' id='word_1_171' title='bbox 221 3403 305 3452; x_wconf 54' lang='grc' dir='ltr'><strong>ΟΜ·</strong></span> <span class='ocrx_word' id='word_1_172' title='bbox 388 3409 540 3496; x_wconf 90' lang='lat' dir='ltr'><strong>pollicem</strong></span> <span class='ocrx_word' id='word_1_173' title='bbox 571 3409 631 3474; x_wconf 86' lang='lat' dir='ltr'><strong>vix</strong></span> <span class='ocrx_word' id='word_1_174' title='bbox 661 3407 796 3494; x_wconf 85' lang='lat' dir='ltr'><strong>aliquod</strong></span> <span class='ocrx_word' id='word_1_175' title='bbox 830 3403 1054 3472; x_wconf 90' lang='lat' dir='ltr'><strong>distinctionis</strong></span> <span class='ocrx_word' id='word_1_176' title='bbox 1091 3403 1238 3490; x_wconf 88' lang='lat' dir='ltr'><strong>pollebat</strong></span> <span class='ocrx_word' id='word_1_177' title='bbox 1269 3403 1439 3474; x_wconf 88' lang='lat' dir='ltr'><strong>indicium.</strong></span> 
     </span>
     <span class='ocr_line' id='line_1_26' title="bbox 389 3507 1439 3605; baseline -0.004 -28"><span class='ocrx_word' id='word_1_178' title='bbox 389 3513 468 3580; x_wconf 84' lang='lat' dir='ltr'><strong>Tres</strong></span> <span class='ocrx_word' id='word_1_179' title='bbox 505 3513 564 3579; x_wconf 89' lang='lat' dir='ltr'><strong>alii</strong></span> <span class='ocrx_word' id='word_1_180' title='bbox 599 3512 698 3599; x_wconf 81' lang='lat' dir='ltr'><strong>digiti</strong></span> <span class='ocrx_word' id='word_1_181' title='bbox 736 3512 773 3576; x_wconf 92' lang='lat' dir='ltr'><strong>in</strong></span> <span class='ocrx_word' id='word_1_182' title='bbox 808 3531 913 3576; x_wconf 90' lang='lat' dir='ltr'><strong>unum</strong></span> <span class='ocrx_word' id='word_1_183' title='bbox 944 3507 1167 3605; x_wconf 84' lang='lat' dir='ltr'><strong>conglutinati</strong></span> <span class='ocrx_word' id='word_1_184' title='bbox 1200 3507 1345 3594; x_wconf 84' lang='lat' dir='ltr'><strong>globum,</strong></span> <span class='ocrx_word' id='word_1_185' title='bbox 1377 3530 1439 3574; x_wconf 92' lang='lat' dir='ltr'><strong>un·</strong></span> 
     </span>
     <span class='ocr_line' id='line_1_27' title="bbox 387 3610 1441 3703; baseline -0.004 -21"><span class='ocrx_word' id='word_1_186' title='bbox 387 3638 509 3703; x_wconf 89' lang='lat' dir='ltr'><strong>gueum</strong></span> <span class='ocrx_word' id='word_1_187' title='bbox 531 3637 671 3682; x_wconf 86' lang='lat' dir='ltr'><strong>acumen</strong></span> <span class='ocrx_word' id='word_1_188' title='bbox 701 3615 738 3680; x_wconf 89' lang='lat' dir='ltr'><strong>in</strong></span> <span class='ocrx_word' id='word_1_189' title='bbox 760 3613 879 3701; x_wconf 85' lang='lat' dir='ltr'><strong>palmae</strong></span> <span class='ocrx_word' id='word_1_190' title='bbox 901 3611 1077 3699; x_wconf 83' lang='lat' dir='ltr'><strong>planitiam</strong></span> <span class='ocrx_word' id='word_1_191' title='bbox 1107 3610 1322 3678; x_wconf 85' lang='lat' dir='ltr'><strong>confixerunt</strong></span> <span class='ocrx_word' id='word_1_192' title='bbox 1374 3611 1441 3678; x_wconf 89' lang='lat' dir='ltr'><strong>Ve-</strong></span> 
     </span>
     <span class='ocr_line' id='line_1_28' title="bbox 388 3711 1439 3802; baseline -0.004 -20"><span class='ocrx_word' id='word_1_193' title='bbox 388 3739 462 3782; x_wconf 89' lang='lat' dir='ltr'><strong>rum</strong></span> <span class='ocrx_word' id='word_1_194' title='bbox 492 3739 568 3786; x_wconf 87' lang='lat' dir='ltr'><strong>cum</strong></span> <span class='ocrx_word' id='word_1_195' title='bbox 602 3738 720 3783; x_wconf 88' lang='lat' dir='ltr'><strong>manus</strong></span> <span class='ocrx_word' id='word_1_196' title='bbox 753 3717 893 3802; x_wconf 75' lang='lat' dir='ltr'><strong>ingratae</strong></span> <span class='ocrx_word' id='word_1_197' title='bbox 924 3711 1034 3799; x_wconf 90' lang='lat' dir='ltr'><strong>portio</strong></span> <span class='ocrx_word' id='word_1_198' title='bbox 1067 3711 1111 3778; x_wconf 86' lang='lat' dir='ltr'><strong>ad</strong></span> <span class='ocrx_word' id='word_1_199' title='bbox 1144 3717 1279 3798; x_wconf 90' lang='lat' dir='ltr'><strong>portum</strong></span> <span class='ocrx_word' id='word_1_200' title='bbox 1312 3712 1439 3792; x_wconf 86' lang='lat' dir='ltr'><strong>salutis,</strong></span> 
     </span>
     <span class='ocr_line' id='line_1_29' title="bbox 388 3819 1439 3908; baseline -0.006 -18"><span class='ocrx_word' id='word_1_201' title='bbox 388 3825 545 3892; x_wconf 86' lang='lat' dir='ltr'><strong>videlicet</strong></span> <span class='ocrx_word' id='word_1_202' title='bbox 581 3825 626 3891; x_wconf 88' lang='lat' dir='ltr'><strong>ad</strong></span> <span class='ocrx_word' id='word_1_203' title='bbox 656 3823 763 3891; x_wconf 84' lang='lat' dir='ltr'><strong>saneti</strong></span> <span class='ocrx_word' id='word_1_204' title='bbox 801 3821 907 3908; x_wconf 87' lang='lat' dir='ltr'><strong>patris</strong></span> <span class='ocrx_word' id='word_1_205' title='bbox 944 3819 1109 3903; x_wconf 85' lang='lat' dir='ltr'><strong>reliquias,</strong></span> <span class='ocrx_word' id='word_1_206' title='bbox 1142 3819 1338 3896; x_wconf 71' lang='lat' dir='ltr'><strong>accessisset,</strong></span> <span class='ocrx_word' id='word_1_207' title='bbox 1371 3839 1439 3884; x_wconf 88' lang='lat' dir='ltr'><strong>non</strong></span> 
     </span>
     <span class='ocr_line' id='line_1_30' title="bbox 387 3920 1435 4012; baseline -0.008 -16"><span class='ocrx_word' id='word_1_208' title='bbox 387 3929 460 3996; x_wconf 88' lang='lat' dir='ltr'><strong>erat</strong></span> <span class='ocrx_word' id='word_1_209' title='bbox 496 3928 528 3992; x_wconf 87' lang='lat' dir='ltr'><strong>ei</strong></span> <span class='ocrx_word' id='word_1_210' title='bbox 560 3927 687 3994; x_wconf 83' lang='lat' dir='ltr'><strong>tardior</strong></span> <span class='ocrx_word' id='word_1_211' title='bbox 718 3929 930 4012; x_wconf 84' lang='lat' dir='ltr'><strong>praemortuse</strong></span> <span class='ocrx_word' id='word_1_212' title='bbox 966 3921 1086 4007; x_wconf 84' lang='lat' dir='ltr'><strong>palmae</strong></span> <span class='ocrx_word' id='word_1_213' title='bbox 1118 3920 1244 4007; x_wconf 88' lang='lat' dir='ltr'><strong>vigoris</strong></span> <span class='ocrx_word' id='word_1_214' title='bbox 1280 3923 1435 4008; x_wconf 82' lang='lat' dir='ltr'><strong>receptio,</strong></span> 
     </span>
     <span class='ocr_line' id='line_1_31' title="bbox 388 4021 1439 4117; baseline -0.009 -21"><span class='ocrx_word' id='word_1_215' title='bbox 388 4053 489 4117; x_wconf 86' lang='lat' dir='ltr'><strong>quam</strong></span> <span class='ocrx_word' id='word_1_216' title='bbox 518 4028 741 4096; x_wconf 85' lang='lat' dir='ltr'><strong>restitutionis</strong></span> <span class='ocrx_word' id='word_1_217' title='bbox 771 4027 894 4092; x_wconf 91' lang='lat' dir='ltr'><strong>devota</strong></span> <span class='ocrx_word' id='word_1_218' title='bbox 924 4023 1079 4110; x_wconf 88' lang='lat' dir='ltr'><strong>precatio.</strong></span> <span class='ocrx_word' id='word_1_219' title='bbox 1148 4021 1317 4090; x_wconf 84' lang='lat' dir='ltr'><strong>Continuo</strong></span> <span class='ocrx_word' id='word_1_220' title='bbox 1350 4023 1439 4088; x_wconf 90' lang='lat' dir='ltr'><strong>enim</strong></span> 
     </span>
     <span class='ocr_line' id='line_1_32' title="bbox 387 4123 1441 4222; baseline -0.009 -22"><span class='ocrx_word' id='word_1_221' title='bbox 387 4154 515 4222; x_wconf 85' lang='lat' dir='ltr'><strong>ungues</strong></span> <span class='ocrx_word' id='word_1_222' title='bbox 545 4154 567 4199; x_wconf 92' lang='lat' dir='ltr'><strong>a</strong></span> <span class='ocrx_word' id='word_1_223' title='bbox 588 4131 700 4220; x_wconf 90' lang='lat' dir='ltr'><strong>palma</strong></span> <span class='ocrx_word' id='word_1_224' title='bbox 730 4131 935 4216; x_wconf 88' lang='lat' dir='ltr'><strong>separantur,</strong></span> <span class='ocrx_word' id='word_1_225' title='bbox 957 4125 995 4190; x_wconf 89' lang='lat' dir='ltr'><strong>in</strong></span> <span class='ocrx_word' id='word_1_226' title='bbox 1025 4123 1154 4192; x_wconf 89' lang='lat' dir='ltr'><strong>debitos</strong></span> <span class='ocrx_word' id='word_1_227' title='bbox 1183 4145 1291 4192; x_wconf 89' lang='lat' dir='ltr'><strong>ramos</strong></span> <span class='ocrx_word' id='word_1_228' title='bbox 1322 4145 1441 4192; x_wconf 87' lang='lat' dir='ltr'><strong>manus</strong></span> 
     </span>
     <span class='ocr_line' id='line_1_33' title="bbox 388 4225 1440 4318; baseline -0.01 -17"><span class='ocrx_word' id='word_1_229' title='bbox 388 4235 600 4301; x_wconf 87' lang='lat' dir='ltr'><strong>distenditur.</strong></span> <span class='ocrx_word' id='word_1_230' title='bbox 667 4231 777 4318; x_wconf 85' lang='lat' dir='ltr'><strong>Digiti</strong></span> <span class='ocrx_word' id='word_1_231' title='bbox 814 4229 907 4317; x_wconf 87' lang='lat' dir='ltr'><strong>prius</strong></span> <span class='ocrx_word' id='word_1_232' title='bbox 945 4227 1031 4293; x_wconf 91' lang='lat' dir='ltr'><strong>male</strong></span> <span class='ocrx_word' id='word_1_233' title='bbox 1069 4225 1218 4292; x_wconf 88' lang='lat' dir='ltr'><strong>maritati</strong></span> <span class='ocrx_word' id='word_1_234' title='bbox 1256 4225 1440 4293; x_wconf 88' lang='lat' dir='ltr'><strong>divortium</strong></span> 
     </span>
     <span class='ocr_line' id='line_1_34' title="bbox 389 4329 1440 4422; baseline -0.008 -19"><span class='ocrx_word' id='word_1_235' title='bbox 389 4338 539 4403; x_wconf 85' lang='lat' dir='ltr'><strong>sentiunt</strong></span> <span class='ocrx_word' id='word_1_236' title='bbox 564 4339 795 4422; x_wconf 85' lang='lat' dir='ltr'><strong>praeoptatum.</strong></span> <span class='ocrx_word' id='word_1_237' title='bbox 855 4329 999 4398; x_wconf 86' lang='lat' dir='ltr'><strong>Articuli</strong></span> <span class='ocrx_word' id='word_1_238' title='bbox 1029 4329 1073 4395; x_wconf 89' lang='lat' dir='ltr'><strong>ad</strong></span> <span class='ocrx_word' id='word_1_239' title='bbox 1104 4335 1230 4396; x_wconf 90' lang='lat' dir='ltr'><strong>rectum</strong></span> <span class='ocrx_word' id='word_1_240' title='bbox 1263 4349 1361 4394; x_wconf 85' lang='lat' dir='ltr'><strong>usum</strong></span> <span class='ocrx_word' id='word_1_241' title='bbox 1390 4351 1440 4395; x_wconf 85' lang='lat' dir='ltr'><strong>re-</strong></span> 
     </span>
     <span class='ocr_line' id='line_1_35' title="bbox 389 4431 1440 4524; baseline -0.01 -19"><span class='ocrx_word' id='word_1_242' title='bbox 389 4440 481 4505; x_wconf 86' lang='lat' dir='ltr'><strong>ducti</strong></span> <span class='ocrx_word' id='word_1_243' title='bbox 512 4457 600 4503; x_wconf 89' lang='lat' dir='ltr'><strong>nova</strong></span> <span class='ocrx_word' id='word_1_244' title='bbox 629 4442 771 4524; x_wconf 91' lang='lat' dir='ltr'><strong>surgunt</strong></span> <span class='ocrx_word' id='word_1_245' title='bbox 800 4435 844 4502; x_wconf 90' lang='lat' dir='ltr'><strong>ad</strong></span> <span class='ocrx_word' id='word_1_246' title='bbox 874 4433 988 4514; x_wconf 91' lang='lat' dir='ltr'><strong>officia,</strong></span> <span class='ocrx_word' id='word_1_247' title='bbox 1016 4437 1058 4511; x_wconf 85' lang='lat' dir='ltr'><strong>et,</strong></span> <span class='ocrx_word' id='word_1_248' title='bbox 1085 4431 1233 4497; x_wconf 89' lang='lat' dir='ltr'><strong>omnium</strong></span> <span class='ocrx_word' id='word_1_249' title='bbox 1263 4435 1440 4498; x_wconf 86' lang='lat' dir='ltr'><strong>nervorum</strong></span> 
     </span>
     <span class='ocr_line' id='line_1_36' title="bbox 388 4531 1441 4627; baseline -0.011 -19"><span class='ocrx_word' id='word_1_250' title='bbox 388 4547 522 4627; x_wconf 87' lang='lat' dir='ltr'><strong>stupore</strong></span> <span class='ocrx_word' id='word_1_251' title='bbox 544 4538 689 4624; x_wconf 89' lang='lat' dir='ltr'><strong>depulso,</strong></span> <span class='ocrx_word' id='word_1_252' title='bbox 712 4538 832 4603; x_wconf 89' lang='lat' dir='ltr'><strong>dextra</strong></span> <span class='ocrx_word' id='word_1_253' title='bbox 857 4535 1027 4602; x_wconf 90' lang='lat' dir='ltr'><strong>reducitur</strong></span> <span class='ocrx_word' id='word_1_254' title='bbox 1047 4532 1207 4600; x_wconf 87' lang='lat' dir='ltr'><strong>rediviva</strong></span> <span class='ocrx_word' id='word_1_255' title='bbox 1265 4531 1314 4599; x_wconf 86' lang='lat' dir='ltr'><strong>Eo</strong></span> <span class='ocrx_word' id='word_1_256' title='bbox 1336 4533 1441 4618; x_wconf 86' lang='lat' dir='ltr'><strong>igitur</strong></span> 
     </span>
    </p>
   </div>
   <div class='ocr_carea' id='block_1_8' title="bbox 385 4636 1440 4831">
    <p class='ocr_par' dir='ltr' id='par_1_14' title="bbox 385 4636 1440 4831">
     <span class='ocr_line' id='line_1_37' title="bbox 385 4636 1440 4721; baseline -0.011 -10"><span class='ocrx_word' id='word_1_257' title='bbox 385 4667 407 4711; x_wconf 89' lang='lat' dir='ltr'><strong>a</strong></span> <span class='ocrx_word' id='word_1_258' title='bbox 429 4647 525 4708; x_wconf 87' lang='lat' dir='ltr'><strong>tanta</strong></span> <span class='ocrx_word' id='word_1_259' title='bbox 547 4639 773 4708; x_wconf 88' lang='lat' dir='ltr'><strong>contractione</strong></span> <span class='ocrx_word' id='word_1_260' title='bbox 803 4638 971 4714; x_wconf 80' lang='lat' dir='ltr'><strong>defaecata,</strong></span> <span class='ocrx_word' id='word_1_261' title='bbox 993 4636 1107 4715; x_wconf 88' lang='lat' dir='ltr'><strong>clerus,</strong></span> <span class='ocrx_word' id='word_1_262' title='bbox 1132 4655 1303 4704; x_wconf 89' lang='lat' dir='ltr'><strong>accurrens</strong></span> <span class='ocrx_word' id='word_1_263' title='bbox 1326 4639 1440 4721; x_wconf 88' lang='lat' dir='ltr'><strong>gratu·</strong></span> 
     </span>
     <span class='ocr_line' id='line_1_38' title="bbox 386 4735 1439 4831; baseline -0.012 -15"><span class='ocrx_word' id='word_1_264' title='bbox 386 4745 533 4816; x_wconf 85' lang='lat' dir='ltr'><strong>lantibus</strong></span> <span class='ocrx_word' id='word_1_265' title='bbox 559 4741 839 4831; x_wconf 67' lang='lat' dir='ltr'><strong>lacrymamus</strong></span> <span class='ocrx_word' id='word_1_266' title='bbox 861 4739 1006 4827; x_wconf 78' lang='lat' dir='ltr'><strong>assurgit</strong></span> <span class='ocrx_word' id='word_1_267' title='bbox 1028 4737 1065 4804; x_wconf 89' lang='lat' dir='ltr'><strong>in</strong></span> <span class='ocrx_word' id='word_1_268' title='bbox 1087 4736 1210 4807; x_wconf 73' lang='lat' dir='ltr'><strong>auda.</strong></span> <span class='ocrx_word' id='word_1_269' title='bbox 1255 4735 1307 4804; x_wconf 89' lang='lat' dir='ltr'><strong>De</strong></span> <span class='ocrx_word' id='word_1_270' title='bbox 1325 4735 1439 4803; x_wconf 89' lang='lat' dir='ltr'><strong>multi-</strong></span> 
     </span>
    </p>
   </div>
   <div class='ocr_carea' id='block_1_9' title="bbox 0 0 1808 5798">
    <p class='ocr_par' dir='ltr' id='par_1_15' title="bbox 0 0 1808 5798">
     <span class='ocr_line' id='line_1_39' title="bbox 0 0 1808 5798; baseline 0 0"><span class='ocrx_word' id='word_1_271' title='bbox 0 0 1808 5798; x_wconf 95' lang='lat' dir='ltr'><strong> </strong></span> 
     </span>
    </p>
   </div>
  </div>
 </body>
</html>
