3538 5800
427 842 470 906 34
751 859 833 906 vrrs
856 857 978 906 srucrr
1001 855 1155 906 osvrunr

426 1065 504 1109 nam
527 1043 617 1109 illius
640 1049 784 1110 mentem
807 1046 975 1112 dementia
1005 1046 1138 1132 ceperit,
1161 1067 1234 1131 quae
1273 1044 1337 1108 sibi
1380 1047 1420 1106 ut
1443 1062 1477 1106 se

259 1151 344 1200 anua
427 1146 463 1212 in
485 1147 556 1212 loco
580 1149 667 1213 tanti
689 1147 856 1234 pontificis
878 1147 1052 1214 collocaret
1075 1147 1237 1234 surripere
1259 1145 1378 1233 potuit.
1423 1143 1478 1207 Ad

258 1219 413 1346 ffiffi„
427 1249 515 1334 quod
547 1250 709 1316 rationem
728 1271 842 1337 ‘quam
879 1271 938 1336 pro
976 1251 1029 1316 sui
1068 1249 1281 1316 excusatione
1318 1245 1478 1335 proferret

426 1351 550 1416 nullam
574 1352 760 1430 habentem,
784 1353 959 1430 invadunt,
993 1357 1159 1438 torquent,
1190 1351 1327 1428 laniant,
1349 1349 1411 1414 hac
1443 1353 1477 1412 et

425 1453 501 1520 illac
524 1453 667 1532 trahant,
691 1455 734 1519 ab
756 1454 823 1520 imo
845 1476 976 1520 sursum
1007 1455 1183 1542 rapientes,
1207 1453 1401 1518 desursum
1434 1449 1477 1514 ad

427 1555 494 1620 ima
517 1556 716 1642 dejicientes.
765 1556 854 1636 Quid
876 1557 976 1624 miser
990 1560 1127 1644 ageret?
1166 1555 1300 1622 Sciebat
1314 1553 1373 1618 ubi
1396 1555 1476 1629 erat,

425 1679 486 1724 nec
519 1679 553 1722 se
591 1662 687 1724 tanta
717 1658 872 1745 angustia
906 1657 1094 1724 involutum
1128 1657 1183 1722 vel
1219 1657 1289 1722 loco
1327 1653 1477 1730 avellere,

426 1759 480 1824 vel
502 1760 545 1825 ad
577 1760 839 1826 subveniendum
873 1783 1071 1848 quemquam
1094 1764 1226 1847 poterat
1257 1757 1475 1844 interpellare.

257 1863 403 1918 'Phemonk
426 1861 572 1927 Tandem
605 1869 717 1929 tamen
751 1863 897 1929 violento
932 1869 1053 1930 conatu
1084 1863 1195 1949 erupit
1228 1862 1265 1926 in
1296 1882 1418 1938 vocem,
1442 1865 1476 1923 et

258 1932 385 2049 {ffigffi'
425 1965 557 2030 horrido
580 1965 720 2032 clamore
736 1966 916 2032 infremuit.
962 1967 1028 2046 Qui
1043 1967 1130 2032 cirea
1153 1971 1247 2031 erant
1269 1986 1310 2030 ex
1334 1964 1475 2048 abrupto

256 2063 385 2176 phithon
425 2067 618 2132 dormientis
641 2089 721 2133 sono
744 2068 912 2154 perterriti
934 2073 1120 2145 acorurunt,
1142 2067 1379 2134 vociferantem
1401 2063 1473 2151 pul·

275 2135 397 2193 appones.
425 2172 509 2246 sant,
549 2169 718 2255 pulsantes
756 2172 915 2248 excitant,
960 2171 1144 2237 excitatum
1190 2169 1271 2256 quid
1308 2169 1473 2234 dormiens

425 2291 540 2356 passus
563 2272 608 2336 sit
630 2272 806 2359 diligenter
835 2274 1052 2362 interrogant.
1098 2273 1146 2336 At
1177 2272 1247 2359 ipse
1281 2292 1405 2358 pavens
1436 2291 1474 2336 ac

425 2374 559 2460 pallens,
583 2397 648 2462 quo
670 2375 776 2442 ausu¹
800 2375 854 2442 vel
877 2377 957 2462 quid
980 2376 1102 2453 fecerit,
1125 2375 1207 2462 quid
1229 2380 1289 2441 aut
1311 2397 1332 2441 a
1354 2374 1474 2460 quibus

425 2479 576 2558 audierit,
600 2479 682 2566 quid
704 2475 887 2566 pertulerit,
910 2503 953 2546 ex
987 2480 1103 2546 ordine
1134 2479 1261 2567 pandit.
1306 2479 1362 2544 Ad
1395 2499 1473 2564 quo·

422 2603 626 2668 rumcunque
669 2605 746 2670 ergo
789 2582 945 2648 notitiam
982 2582 1074 2648 istud
1108 2581 1273 2668 perlatum
1310 2586 1369 2660 est,
1407 2602 1474 2645 non

423 2682 483 2746 soli
507 2683 578 2748 viro
602 2685 659 2749 sed
693 2690 727 2750 et
761 2685 802 2748 iis
826 2707 900 2770 quae
923 2705 983 2750 sua
1005 2684 1189 2749 intererant
1226 2683 1379 2769 deinceps
1416 2683 1474 2746 ho·

422 2805 535 2849 norem
558 2807 596 2852 ac
617 2786 836 2852 reverentiam
860 2808 918 2872 per
941 2787 1052 2852 omnia
1083 2785 1281 2851 deferebant
1327 2785 1379 2849 De
1401 2784 1474 2870 qui·

421 2885 484 2950 bus
506 2886 584 2952 licet
606 2888 749 2975 plurima
771 2888 912 2954 scribere
935 2887 1072 2954 fortasse
1096 2909 1272 2974 possemus,
1296 2891 1409 2952 tamen
1431 2908 1473 2950 ne

422 2987 474 3050 cui
498 2989 598 3053 taedio
621 2989 731 3066 simus,
754 2990 813 3056 illa
843 2990 1029 3056 omittimus
1041 3015 1048 3070 ;
1086 2991 1295 3056 intendentes
1318 2989 1473 3054 videlicet

421 3088 589 3168 brevitati,
612 3113 679 3177 qua
700 3113 760 3157 nos
783 3093 963 3178 scripturos
985 3093 1055 3158 fore
1077 3092 1292 3159 decrevimus.
1353 3091 1471 3178 Itaque

421 3193 465 3256 ad
488 3213 615 3258 sacrum
637 3195 741 3280 ipsius
764 3197 943 3261 transitum
966 3197 1035 3260 stili
1067 3194 1211 3262 officium
1234 3201 1472 3274 convertamus,

422 3301 457 3360 et
479 3317 561 3382 opus
584 3297 673 3382 quod
694 3297 808 3384 paucis
830 3297 896 3364 huc
918 3319 1022 3383 usque
1044 3297 1278 3384 protraximus,
1302 3319 1370 3375 suo,
1386 3297 1473 3364 siout

421 3397 512 3462 Deus
536 3401 736 3478 concesserit,
761 3400 821 3464 fini
844 3400 1033 3467 subdemus.

468 3507 519 3570 30.
544 3505 676 3570 Referre
711 3507 834 3571 etenim
873 3507 1016 3592 qualiter
1056 3511 1152 3592 pater
1188 3507 1259 3595 ipse
1298 3507 1471 3584 Oswaldus

422 3606 627 3675 Remeseiam
660 3613 825 3694 postremo
857 3609 1036 3695 reliquerit,
1071 3610 1205 3695 quantis
1228 3610 1471 3696 lachrymarum

421 3708 591 3788 imbribus,
613 3711 777 3797 praesagis‚
801 3716 840 3776 ut
862 3717 1008 3790 autumo,
1039 3712 1135 3776 illum
1167 3713 1309 3800 amplius
1345 3735 1382 3779 eo
1404 3735 1472 3779 non

421 3813 615 3892 rediturum,
637 3835 658 3879 a
680 3813 838 3881 fratribus
861 3815 1015 3880 dimissus
1031 3815 1084 3893 sit,
1103 3815 1244 3882 forsitan
1259 3816 1472 3902 conjectando

422 3915 495 3999 quis
527 3917 637 4002 possit,
662 3921 748 3983 certe
780 3922 892 3983 autem
924 3918 972 3982 rei
1004 3916 1169 3983 veritate²
1200 3919 1367 3984 neminem
1398 3939 1472 4004 pro-

420 4019 540 4083 nuntio
570 4041 671 4105 posse.
728 4019 962 4086 Discedentem
984 4041 1154 4086 veronen
1188 4021 1285 4086 modo
1318 4019 1470 4086 monaehi

360 4149 361 4155 ¹
393 4144 394 4147 ¹
422 4141 502 4206 quos
525 4119 593 4186 illic
616 4123 829 4200 adunaverat,
853 4122 910 4188 sed
933 4127 968 4188 et
989 4122 1082 4209 plebs
1104 4122 1183 4188 hinc
1204 4122 1283 4189 inde
1312 4123 1375 4188 sub
1405 4143 1471 4188 uno

420 4227 534 4291 coacta
557 4223 733 4303 deducunt,
756 4224 880 4311 singuli
902 4247 937 4290 se
969 4225 1059 4290 illius
1097 4225 1270 4292 sanctitati
1304 4247 1467 4292 commen-

416 4325 548 4401 dantes,
571 4324 636 4389 sibi
670 4325 713 4391 ab
742 4325 800 4392 illo
834 4326 983 4393 benedici
1006 4328 1146 4414 supplici
1179 4327 1355 4394 devotione
1378 4329 1470 4414 flagi-

198 4455 200 4462 '
422 4431 540 4492 tentes.

253 4525 409 4644 ffoiffird
469 4532 520 4594 31.
545 4529 733 4596 Discessum
763 4535 876 4597 autem
906 4531 996 4598 illius
1020 4533 1214 4600 subsecutus
1246 4539 1296 4599 est
1329 4534 1366 4598 in
1399 4534 1470 4619 ipsa

1321 4695 1390 4703 --—ae=-
1400 4695 1422 4702 ,-

457 4779 463 4810 ¹
482 4778 559 4842 ceren]
581 4794 651 4840 casu,
662 4779 692 4828 B.
948 4779 952 4846 Ι
1009 4779 1019 4812 ¹
1036 4781 1152 4846 veritate]
1173 4781 1312 4842 veritatem,
1323 4779 1355 4831 Β.
