3454 5816
459 891 523 958 482
594 859 624 944 ⁸-
702 903 867 955 Arvorum
889 897 1064 954 11111111
1087 900 1285 953 1111111111

502 1094 590 1175 Quia
613 1093 772 1161 beneficia
795 1094 890 1180 plura
910 1095 980 1181 jam
1003 1094 1127 1180 recepit

504 1197 611 1278 Quam
635 1197 717 1282 legis
740 1197 906 1263 canonicae
929 1197 1093 1283 scriptura
1116 1195 1282 1282 praeccpit

503 1299 691 1366 Walterus¹
715 1299 889 1366 Bathoniae
912 1299 1033 1387 praesul
1056 1305 1129 1364 tum
1152 1297 1318 1376 suecessit,
1340 1295 1471 1361 xxxvii.

504 1402 633 1468 Gifford
655 1424 715 1467 suo
738 1393 880 1479 nomine,
903 1402 947 1466 ad
969 1402 1127 1466 honorem
1149 1400 1274 1478 crescit,
1426 1399 1508 1482 [425

505 1507 546 1570 In
570 1507 768 1572 Sanctorum
792 1505 952 1571 Omnium
974 1505 1062 1571 festo
1084 1509 1301 1584 consecratur,

505 1607 550 1672 Et
571 1607 608 1672 in
630 1607 717 1672 sedis
740 1607 865 1692 apicem
889 1606 988 1693 digne
1011 1605 1218 1672 sublimatur.

504 1711 603 1776 Anno
626 1709 819 1776 duodecimo
842 1729 928 1774 curae
952 1709 1135 1795 pastoralis,

505 1811 643 1878 Eboraci
665 1811 801 1899 ponitur
822 1811 951 1876 sarcina
973 1810 1131 1878 mortalis.
1446 1809 1513 1874 4:30

292 1917 359 1969 wm.
504 1915 597 1980 Tunc
620 1914 806 1978 Willelmus
829 1914 923 1992 alius,
947 1913 1135 1999 Wyckvvan
1158 1913 1332 1991 vocitatus,
1355 1910 1500 1976 xxxviii

291 1985 445 2051 wilm
505 2015 605 2082 Ohori
629 2015 843 2082 cancellarius
866 2015 943 2080 sede
965 2014 1172 2092 sublimatus,
1248 2032 1254 2040 ·

505 2119 670 2186 Successit
691 2119 727 2183 in
750 2119 876 2204 apicem
897 2119 970 2204 jure
989 2119 1060 2203 jam
1084 2119 1215 2194 electus,

505 2222 547 2287 In
571 2222 719 2287 Romana
742 2223 833 2287 curia
855 2221 977 2307 praesul
1000 2227 1050 2285 est
1072 2221 1217 2286 effectus.

504 2324 560 2388 Ad
582 2323 676 2409 cujus
701 2323 904 2401 sistentiam,
929 2329 969 2386 ut
993 2345 1068 2386 vere
1091 2321 1240 2400 refertur,
1448 2324 1513 2386 435

292 2429 435 2481 Translata
505 2425 630 2511 Corpus
654 2426 760 2489 semoti
783 2423 933 2510 praesulis
956 2423 1115 2488 Willelmi
1138 2424 1344 2490 transfertur.

290 2497 435 2614 rsetffigffi'l
504 2529 546 2592 ln
569 2527 660 2592 Petri
683 2527 819 2592 basilica
842 2527 938 2592 theca
960 2528 1105 2612 pretiosa

505 2631 647 2696 Locatur
670 2651 745 2694 cum
767 2629 889 2714 gaudio
912 2628 1009 2715 gleba
1030 2629 1180 2716 gloriosa.

506 2733 550 2797 Et
574 2733 613 2797 de
638 2731 727 2796 Beck
750 2732 935 2797 Antonium
959 2731 1046 2796 idem
1070 2732 1255 2808 ordinavit.

506 2835 547 2898 ln
570 2834 728 2899 Dunelmi
753 2834 926 2918 praesulem
949 2833 1059 2919 ipsum
1082 2835 1294 2899 consecravit.
1450 2835 1516 2896 440

507 2937 551 3000 Et
574 2937 653 3000 dum
677 2957 735 3021 per
757 2936 960 3021 provinciam
984 2934 1105 3021 praesul
1123 2926 1325 3022 'peragravit

507 3036 692 3101 Permultas
715 3035 866 3102 ecclesias
888 3041 1005 3122 sponte
1029 3036 1204 3102 dedicavit.

506 3140 605 3204 Anno
626 3145 720 3204 sexto
743 3145 858 3224 postea
880 3160 966 3204 curse
991 3160 1059 3203 suae
1082 3139 1187 3216 cessit,

507 3241 596 3307 Hinc
618 3241 661 3305 ad
684 3241 915 3306 Pontiniaoum
938 3241 1078 3306 devotus
1100 3243 1244 3323 accessit,

507 3343 559 3406 Ibi
586 3343 664 3407 vitae
687 3341 857 3428 spatium²
881 3343 979 3408 lectus
1002 3344 1163 3420 exulavit,
1450 3345 1515 3409 445

507 3445 552 3508 Et
574 3444 680 3508 fidelis
704 3443 846 3530 populus
870 3445 978 3530 ipsum
1002 3445 1191 3510 tumulavit.

507 3547 677 3614 Johannes
700 3547 844 3632 eligitur,
867 3547 1037 3612 Romanus
1060 3553 1207 3625 vocatus,
1330 3548 1447 3614 xxxin

510 3649 667 3734 Ejusdem
690 3649 866 3714 canonicus
888 3648 980 3714 chori
1003 3651 1188 3715 veneratus.

510 3752 552 3815 In
576 3751 725 3816 Romana
747 3751 840 3816 curia
861 3772 961 3818 eausa
983 3752 1175 3836 ventilatur,

511 3855 573 3919 Per
595 3875 760 3918 summum
783 3854 973 3938 pontificem
997 3855 1119 3941 praesul
1140 3860 1356 3922 consecratur.
1453 3857 1520 3921 450

511 3957 673 4022 Reversus
696 3955 864 4022 eeclesiam
887 3957 978 4022 Petri
1001 3958 1183 4044 digniorem

512 4060 643 4146 Incepit
664 4064 851 4125 construere
874 4058 914 4124 de
937 4080 1025 4126 novo
1047 4061 1212 4146 majorem.

511 4163 610 4228 Anno
633 4183 720 4230 curae
742 4161 868 4228 decimo
890 4161 1012 4247 praesul
1035 4163 1227 4248 exspiravit,

512 4268 554 4332 In
577 4267 667 4334 dicta
689 4267 825 4334 basilica
846 4266 951 4334 clems
974 4265 1064 4334 hunc
1085 4266 1247 4333 humavit.

514 4370 679 4436 Successit
700 4369 737 4434 iu
760 4367 950 4434 cathedram
974 4369 1015 4434 de
1031 4369 1064 4434 N
1067 4369 1181 4434 ewark
1197 4367 1369 4444 Hemicus‚
1385 4369 1430 4435 xl.
1454 4372 1519 4436 455

513 4474 666 4540 Decanus
689 4471 834 4539 ecclesia>
857 4471 978 4558 dignus
1001 4477 1035 4538 et
1057 4473 1216 4560 pudicus;

514 4576 568 4640 Ad
591 4575 775 4640 Romanam
798 4574 923 4640 curiam
945 4575 1027 4640 fecit
1049 4575 1217 4653 destinari,

513 4677 564 4740 Ut
586 4683 697 4762 posset
719 4678 873 4743 canonice
897 4677 987 4741 domi
1009 4677 1199 4742 consecrari.

504 4828 677 4896 lWalterrvs]
699 4831 831 4893 Robertus,
844 4832 878 4880 A.
982 4829 988 4898 Ι
1051 4829 1200 4898 leporium]
1221 4828 1345 4894 piritum,
1356 4831 1391 4882 A.
