3530 5790
606 889 842 942 Ascnmsnors
865 891 909 940 or
932 891 1036 940 rous.
1275 877 1340 940 353

290 1102 365 1147 cum
388 1081 497 1168 dignis
519 1081 699 1148 honoribus
721 1086 756 1147 et
788 1081 941 1169 pretiosis
964 1081 1156 1148 muneribus
1186 1081 1340 1168 regaliter
1353 1087 1484 1166 Theline

290 1204 510 1261 remunerans,
525 1183 624 1250 misso
647 1184 688 1250 do
711 1183 775 1249 sibi
797 1183 1062 1250 familiarissimis
1078 1205 1144 1248 uno
1160 1205 1339 1270 procerum,
1352 1156 1487 1272 ξξζξὲξξ

290 1291 324 1350 et
346 1309 405 1372 per
427 1309 502 1352 eum
525 1287 660 1354 directis
683 1288 726 1352 ad
748 1288 942 1353 comitatum
967 1286 1204 1352 Eboracensem
1223 1285 1339 1362 literis,
1353 1289 1410 1338 uem
1421 1289 1471 1338 auc

289 1389 368 1454 fecit
383 1389 413 1454 ei
429 1389 542 1454 omnia
564 1409 624 1454 sua
645 1389 682 1454 in
704 1389 872 1475 integrum
887 1387 1049 1473 usquead
1071 1388 1215 1474 ligamen
1237 1362 1509 1487 sacoilfflffling·

289 1492 429 1570 restitui,
460 1489 657 1578 ipsumque²
688 1491 914 1558 vicecomitem
948 1491 1038 1576 quali
1061 1496 1096 1556 et
1118 1495 1244 1576 quanta
1274 1490 1337 1554 sibi

288 1592 432 1678 placeret
454 1589 603 1660 vindicta
637 1593 794 1679 prsscepit
826 1593 951 1680 puniri.
998 1593 1116 1678 Itaque
1140 1591 1262 1658 abillo
1286 1591 1339 1657 die

289 1695 400 1760 nullus
422 1697 609 1783 potentium
632 1717 731 1762 ausus
754 1695 821 1761 fixit
843 1695 989 1782 aliquam
1012 1695 1076 1762 sibi
1099 1695 1154 1762 vel
1186 1697 1254 1761 suis
1288 1696 1339 1760 iu·

284 1799 408 1884 juriam
432 1800 552 1866 inferre
574 1800 628 1866 vel
651 1799 892 1866 contumeliam.

292 2041 295 2048 ’
327 2049 501 2130 Qulura³
525 2067 564 2116 ru
589 2065 908 2117 ascerurrscoraru
931 2066 1108 2118 cessurus
1132 2067 1193 2116 ser
1216 2067 1316 2116 sorr.

334 2203 614 2289 Magnificentism
638 2200 739 2268 vero⁴
760 2201 863 2266 animi
886 2201 938 2266 sui
962 2207 1128 2268 testantur
1143 2201 1251 2267 mults
1266 2223 1340 2288 quae
1353 2217 1409 2266 The
1422 2231 1491 2284 mag.

288 2305 323 2368 in
356 2305 640 2390 archiepiscopatu
671 2309 825 2389 operatus
853 2309 903 2368 cst
937 2303 1032 2382 bona,
1056 2305 1097 2368 de
1130 2305 1252 2390 quibus
1284 2304 1339 2372 hic
1353 2284 1480 2400 ffi'sss

288 2405 408 2490 aliqua,
442 2406 519 2470 licet
551 2426 664 2492 pauca,
697 2427 739 2469 ex
773 2404 888 2469 multis
911 2405 1060 2490 subjecta
1090 2410 1177 2470 sunt.
1224 2405 1340 2545 Terra}
1352 2417 1484 2534 :ttldsze'fth-

288 2507 409 2572 multes
453 2507 493 2573 de
527 2528 587 2571 suo
621 2507 753 2592 proprio
784 2507 866 2570 emit
910 2511 943 2572 et
978 2527 1034 2572 cas
1067 2506 1211 2572 ecclesiis
1249 2509 1318 2573 suis
1353 2549 1510 2609 “moth

287 2609 417 2694 adjecit,
439 2613 474 2674 et
496 2609 536 2674 dc
560 2607 757 2693 quibusdam
780 2607 974 2693 praebendas
997 2609 1086 2694 apud
1121 2606 1339 2674 suthwellam
1353 2617 1404 2664 and
1417 2615 1509 2666 Bever·

287 2711 386 2775 fecit.⁰
422 2709 616 2786 Refectoris,
633 2709 691 2773 ubi
714 2709 863 2774 canonici
886 2709 986 2774 simul
1002 2715 1220 2788 vescerentur,
1236 2732 1340 2775 uuum
1354 2681 1403 2745 ¹²5·

289 2811 436 2890 Eboraci,
460 2809 602 2876 alterum
625 2809 809 2876 Suthwelle
833 2811 964 2876 statuit.
1011 2809 1100 2876 Nam
1123 2811 1341 2890 refectorium,

287 2919 322 2979 et
344 2913 581 2990 dormitorium,
599 2912 768 2978 Beverlaci
783 2934 805 2977 s
820 2911 1111 2998 praedecessoribus
1134 2914 1203 2977 suis
1217 2913 1342 2980 Alfrico

206 3023 210 3029 “
288 3023 322 3081 et
345 3015 464 3082 Kinsio
486 3017 655 3102 inceptum
678 3013 809 3092 fuerat,⁷
832 3013 890 3080 sed
906 3014 976 3099 ipse
999 3015 1145 3101 perfecit,
1159 3019 1194 3080 et
1216 3037 1341 3101 posses-

287 3117 435 3183 sionibus
456 3117 641 3202 emplievit,
664 3121 706 3181 et
728 3115 1028 3182 consuetudinibus
1058 3117 1343 3198 ammelioravit;⁸

287 3219 451 3305 siquidem
485 3217 572 3284 sicut
604 3219 694 3282 intra
717 3215 888 3283 ecclesiam
922 3217 972 3282 ita
1003 3217 1093 3282 intra
1123 3217 1341 3300 refectorium,

287 3325 322 3385 et
352 3321 438 3394 sicut
471 3320 561 3384 intra
592 3317 716 3396 strium
749 3317 821 3384 ita⁹
855 3318 945 3384 infra
954 3317 979 3356 ¹⁰
1020 3319 1200 3386 claustrum
1242 3321 1341 3387 refec-

287 3423 373 3500 torii,
412 3421 501 3508 pacis
542 3421 754 3486 securitatem
800 3427 835 3486 et
877 3421 1012 3486 violatee
1057 3421 1148 3507 pacis
1189 3424 1342 3489 emenda·
1355 3441 1493 3491 Hebuilds

287 3525 410 3590 tionem
435 3523 653 3589 confirmavit.
701 3523 860 3588 Veterem
876 3545 1007 3610 quoque
1030 3524 1198 3590 ecclesiam
1214 3525 1342 3609 adjecto
1354 3523 1437 3624 22¹}ss
1457 3588 1484 3622 er

286 3648 373 3692 novo
414 3625 620 3712 presbyterio
654 3625 842 3712 ampliavit,
876 3627 965 3711 quod
1006 3627 1041 3690 in
1072 3625 1194 3692 honore
1228 3627 1342 3694 Sancti
1355 3580 1503 3690 brolia!

285 3729 449 3794 Johsnnis
473 3727 696 3814 Evangelistae
721 3727 900 3806 dedicavit,
923 3733 1093 3814 totamque
1126 3729 1292 3794 ecclesiam
1323 3708 1405 3795 ahl·

285 3831 490 3917 presbyterio
513 3828 641 3916 usque¹¹
666 3829 709 3895 ad
732 3829 851 3894 turrim
867 3830 910 3894 ab
924 3836 1126 3895 antecessore
1149 3852 1208 3895 suo
1225 3831 1343 3897 Kinsio

285 3937 517 4011 constructam,
533 3933 684 4018 superius
700 3951 799 4018 opere
816 3931 963 4018 pictoris,
979 3933 1067 4017 quod
1082 3933 1198 3998 caelum
1214 3939 1342 4011 vocant,

284 4057 365 4102 auro
403 4034 654 4100 multiformiter
687 4033 883 4100 intermixto
921 4033 1066 4100 mirabili
1100 4039 1172 4101 arte
1197 4042 1342 4102 constra-

319 4331 427 4399 ἐπει]
445 4345 496 4382 om
510 4330 545 4382 A.
869 4329 1018 4400 ⁷inccptrrar
1033 4335 1139 4402 sucat]
1168 4334 1269 4402 incepta
1289 4338 1344 4390 fue·

316 4412 327 4446 ¹
345 4410 483 4478 pampus]
504 4410 586 4474 ipsum
595 4409 708 4472 rero‚A.
719 4409 790 4463 EC.
836 4418 902 4472 rant,
914 4413 947 4461 Δ.
961 4412 991 4461 Β.
1004 4411 1034 4464 0.
1048 4413 1081 4464 G.

283 4491 316 4543 D.
329 4491 358 4541 F.
371 4491 403 4542 G.
870 4490 881 4524 ⁸
898 4491 1091 4560 condiverit]
1108 4495 1256 4558 melioravit,
1268 4499 1302 4548 A.
1311 4500 1342 4550 Β.

317 4575 328 4608 ³
349 4571 466 4639 Οιακια]
486 4572 599 4623 Alcetas
609 4573 657 4622 inc.
668 4573 700 4623 B.
713 4572 746 4624 G.
838 4571 867 4623 C.
880 4571 913 4621 D.
925 4573 955 4622 E.
968 4571 998 4621 F.
1011 4571 1043 4623 G.

318 4653 329 4686 ⁴
346 4651 418 4717 cero]
439 4667 545 4716 quoque,
556 4653 591 4701 A.
869 4647 948 4715 ⁹itu]
969 4649 1014 4710 sic,
1024 4649 1059 4701 A.

319 4729 534 4798 'xclmiemicJ
556 4729 781 4790 ecclesioeeue‚A.
871 4727 892 4761 ¹⁰
908 4727 995 4795 infru]
1016 4728 1090 4790 intre,
1101 4731 1132 4781 B.
1144 4731 1176 4782 Ε.
1189 4733 1222 4786 G.

318 4811 329 4844 θ
338 4808 420 4876 fecit]
439 4817 464 4859 ct
477 4805 526 4858 incl
534 4809 570 4860 A.
581 4809 612 4861 Β.
626 4807 656 4861 Ο.
668 4807 702 4859 1).
714 4809 745 4858 F.
758 4807 791 4859 G.
871 4806 890 4840 ¹¹
909 4807 998 4874 reque]
1020 4815 1057 4870 ut,
1068 4810 1099 4860 B.
1111 4807 1142 4860 (l.
1154 4809 1187 4860 D.

380 4900 405 4952 Ο
416 4900 473 4950 575.
1189 4917 1209 4964 z
