3586 5802
416 869 479 934 156
557 881 707 932 meroes
729 881 773 932 or
796 882 890 932 rous
911 882 1149 934 secumssors
1171 884 1215 933 ou
1237 885 1332 936 roes

414 1068 522 1136 tionis
543 1068 720 1136 miseratio
741 1091 796 1136 ros
818 1071 995 1137 ommuni
1018 1070 1156 1138 eecieda
1178 1071 1258 1139 Saea
1278 1069 1466 1159 prafeeerit

410 1178 553 1259 patrem,
569 1194 632 1258 epo,
653 1193 716 1258 per
732 1172 839 1239 litias
857 1173 999 1259 pietatis
1014 1174 1236 1251 dementiam,
1252 1175 1466 1240 coadderata

330 1310 335 1317 ·
413 1281 526 1340 restra
547 1273 772 1340 sublimitatis
794 1274 998 1352 hnmilitate,
1022 1295 1061 1341 ae
1083 1275 1169 1340 ratiti
1192 1275 1304 1342 dntois
1326 1275 1465 1342 consilii

412 1375 634 1454 delectatione,
671 1375 843 1461 meipsrum
879 1397 995 1442 coram
1031 1377 1099 1441 Deo
1136 1377 1314 1448 sanctitati
1351 1385 1465 1444 restra

411 1483 520 1542 totam
551 1476 743 1562 effuderam
766 1484 795 1542 et
827 1498 940 1543 omnes
970 1477 1191 1562 infirmitates
1221 1485 1293 1544 tam
1316 1479 1465 1564 corporis

411 1600 517 1664 qnam
547 1577 741 1645 animata
764 1585 801 1656 te,
824 1578 913 1643 sicat
941 1579 1110 1664 praelecto
1129 1579 1228 1666 patri
1262 1587 1291 1644 et
1314 1580 1464 1666 sapienti

409 1679 545 1757 medico,
579 1679 802 1745 consulendas
824 1687 853 1744 et
884 1679 1078 1766 refovendas
1101 1681 1316 1748 ostenderant.
1369 1682 1463 1748 Omn-

409 1803 514 1847 mnne
542 1780 747 1868 faciendam
781 1781 878 1858 dani,
907 1803 980 1847 non
1018 1783 1193 1868 arpnendo
1231 1781 1378 1870 quidem,
1407 1785 1464 1850 sed

408 1884 596 1963 bomilcar,
611 1891 651 1950 at
673 1905 786 1949 sereres
805 1883 956 1963 domino,
972 1885 1177 1970 sapperendo
1200 1885 1334 1950 miram
1357 1907 1463 1972 qnam

409 1988 452 2053 in
485 1987 576 2053 robis
613 1987 745 2053 credidi
782 1987 964 2054 sternentia
998 1987 1244 2054 sablimitatem
1274 1989 1463 2074 Scriptura

410 2091 512 2157 illins
546 2112 620 2177 qua
653 2090 748 2168 dicit,
771 2090 968 2176 Priusquam
992 2090 1183 2177 interroges,
1217 2113 1259 2156 ne
1293 2093 1545 2178 vituperasset.
1556 2097 1592 2149 xi.
1605 2103 1629 2152 ⁷·

241 2213 282 2264 He
294 2220 386 2264 cannot
410 2214 615 2278 quemquem.
676 2191 812 2256 Mirum
836 2190 991 2277 forsitan
1028 2191 1200 2257 rimatur
1238 2191 1327 2278 qaod
1367 2199 1462 2258 tanto

240 2291 351 2396 ⁰ssm⁰²⁰
405 2293 505 2380 patri
523 2314 586 2378 per
601 2291 781 2357 tantittnm
797 2290 980 2376 famatum
1001 2291 1229 2358 recusationis
1243 2313 1323 2358 nna
1346 2291 1463 2360 literas

240 2353 395 2464 {siddim
409 2394 516 2472 mitto,
538 2393 601 2471 sed,
625 2399 698 2457 teste
720 2392 796 2470 Deo,
826 2391 1022 2478 prohibente
1046 2391 1242 2458 mattarum
1264 2394 1463 2460 enormitate

239 2480 372 2596 fidfflfhffl’
409 2495 668 2581 infirmitatem,
683 2515 742 2559 neo
760 2515 824 2581 per
845 2515 905 2572 nce,
928 2493 1019 2580 qaod
1039 2493 1192 2559 matteum
1214 2493 1413 2572 desiderari,
1433 2502 1463 2560 ot

240 2560 482 2684 prohibitoriam
504 2597 555 2663 bis
580 2596 698 2684 faeere
715 2595 883 2682 temptam,
907 2596 954 2661 ad
993 2617 1046 2662 uos
1076 2595 1198 2673 uenire,
1229 2618 1290 2662 nec
1326 2597 1463 2664 idoneos

239 2678 340 2796 {2¹1}ss
410 2699 530 2786 agatae
567 2698 697 2764 mittere
742 2697 841 2762 notai
883 2702 1023 2782 propter
1063 2696 1331 2783 prohibitionem
1374 2699 1463 2784 repis

238 2811 369 2877 sinaei.
409 2801 568 2867 Francia
590 2807 620 2865 ct
642 2797 775 2864 cernitis
797 2797 1058 2882 Andeparensis.
1104 2798 1214 2864 Porro
1237 2799 1330 2886 'qnia
1353 2800 1463 2868 demi-

408 2925 478 2970 nae
509 2901 749 2988 Anptiaoeneis
783 2899 892 2978 abbas,
926 2921 1024 2986 quem
1055 2901 1102 2966 ad
1138 2922 1200 2966 nos
1233 2902 1462 2970 conducendos

407 3004 561 3083 misistis,
584 3025 689 3091 neam
719 3001 767 3068 ad
793 3001 883 3068 breue
905 3008 1036 3088 tempas
1059 3001 1106 3066 ad
1127 3023 1183 3067 uos
1205 3002 1384 3070 redituras
1406 3013 1460 3083 est,

408 3107 440 3173 si
461 3106 613 3184 interim,
637 3105 727 3192 qnod
748 3125 876 3190 semper
898 3103 1020 3190 optari,
1044 3110 1145 3169 uester
1171 3125 1234 3170 esse
1252 3111 1376 3190 potero,
1399 3114 1462 3173 aat

408 3230 470 3274 nos
501 3215 564 3274 ant
598 3208 720 3292 tepotos
753 3213 883 3272 nostros
915 3205 962 3270 ad
995 3205 1086 3290 [uos],
1117 3205 1184 3270 Deo
1216 3205 1400 3273 sanitatem
1433 3215 1463 3274 et

238 3326 379 3378 Hemesa
405 3315 598 3398 potestatem
630 3307 720 3374 mibi
744 3307 942 3383 concedente,
971 3304 1131 3391 perdacet
1160 3327 1326 3392 precarer.
1372 3307 1463 3374 Sane

237 3393 396 3508 ἓξὲξ-ω’
408 3411 483 3478 nisi
504 3410 727 3478 temerariam
748 3408 860 3474 uideri
883 3407 1042 3486 timerem,
1066 3415 1106 3474 nt
1126 3429 1189 3494 per
1214 3407 1305 3473 bano
1331 3431 1461 3494 mnriu-

239 3539 338 3590 ssnger.
409 3514 492 3594 tam,
517 3533 616 3600 qnem
646 3510 736 3576 mihi
767 3517 890 3576 notam
923 3516 952 3574 et
977 3509 1198 3596 familiarem
1220 3531 1283 3576 esse
1309 3511 1460 3591 novistis,

408 3636 578 3703 qaonsqae
610 3613 745 3679 citiores
776 3619 805 3676 et
838 3611 1024 3676 secretiores
1055 3611 1195 3676 coresitii
1225 3611 1272 3677 ad
1293 3633 1348 3678 uos
1369 3614 1461 3680 uiros

406 3720 581 3796 mitterem,
621 3715 730 3782 literis
775 3714 892 3780 uestris
941 3713 1168 3799 artrfecaretie
1212 3722 1384 3800 qnantum
1420 3716 1461 3783 de

406 3820 585 3890 datadrme
606 3815 841 3885 miserationis
863 3821 975 3881 uestra
998 3815 1160 3901 confidere
1179 3815 1316 3902 possim.

239 3943 370 3996 Somebe
452 3923 617 3991 Credibile
651 3925 702 3986 est
732 3918 843 3982 virum
875 3917 1065 4002 religiosum
1088 3921 1123 3981 et
1146 3917 1193 3983 sic
1210 3917 1381 4002 jurantem
1404 3941 1459 3985 ve-

239 4009 370 4062 ¹iff⁰⁸¹¹⁸¹
406 4048 481 4092 rum
512 4025 633 4090 dixisse
657 4021 829 4097 aetimare,
852 4018 910 4083 sed
932 4019 999 4083 scio
1037 4019 1166 4104 aliquos
1198 4039 1259 4104 pro
1292 4042 1371 4086 vero
1394 4042 1461 4088 cue-

238 4077 395 4194 ieiiiiediie
408 4129 484 4194 dere
516 4125 605 4212 quod
637 4123 750 4188 literas
784 4141 879 4206 pnpee
903 4118 1067 4203 G[elesii],
1100 4117 1218 4197 adhuc,
1241 4141 1279 4186 eo
1313 4123 1459 4202 vivente,

237 4209 389 4327 ffiffin
409 4228 596 4316 susceperit.
643 4224 713 4291 Our
735 4227 846 4288 eutem
870 4221 982 4286 literas
997 4241 1093 4308 pepae
1109 4220 1304 4308 P[esohelis]
1328 4223 1364 4288 in
1386 4225 1460 4290 vite

389 4313 469 4398 'sue
482 4351 550 4395 non
563 4327 695 4403 viderit,
710 4345 817 4392 causes
839 4323 1033 4410 subscripta
1054 4329 1144 4388 sunt.
1182 4323 1269 4390 Seue
1291 4345 1352 4391 nec
1373 4327 1457 4390 mud-

407 4440 480 4500 tum
511 4429 700 4496 mirandum
723 4433 774 4493 est
796 4449 872 4492 eum
894 4425 949 4492 vel
982 4425 1095 4492 liberes
1120 4426 1231 4492 videre
1265 4427 1457 4514 neglexisse,

406 4533 461 4600 vel
482 4533 563 4598 visis
584 4551 653 4596 non
675 4529 831 4607 obedisse,
855 4549 930 4594 cum
953 4527 990 4592 in
1005 4527 1176 4594 audientis
1197 4549 1326 4616 magnes
1349 4531 1457 4617 digni-

407 4637 487 4702 tatis
508 4653 722 4721 personarum
745 4635 779 4696 et
801 4629 941 4696 eliorum
955 4628 1136 4695 multorum
1150 4649 1185 4694 se
1207 4629 1340 4698 domino
1362 4653 1457 4719 pepee

407 4763 475 4808 non
507 4739 717 4808 obediturum
749 4735 900 4814 edixerit,
923 4734 951 4800 si
974 4734 1006 4800 ei
1032 4756 1087 4801 ore
1120 4733 1164 4800 sd
1195 4756 1232 4801 os
1254 4737 1457 4825 preciperet,
