3410 5840
612 904 694 952 vrrs
718 905 742 953 s
767 894 928 984 oswssnr.
1244 895 1309 960 499

254 1098 386 1154 denarios
410 1099 548 1170 praebere,
572 1105 601 1153 ot
633 1100 703 1171 ipsis
726 1101 858 1171 opposito
892 1117 992 1154 menso
1023 1102 1119 1156 eibum
1144 1107 1173 1158 et·
1207 1109 1308 1175 potum

254 1187 428 1244 sufficienter
460 1189 636 1254 ministrare,
672 1206 777 1260 eosque
811 1189 842 1244 in
865 1189 976 1246 Pesebu
999 1192 1126 1246 vestibus
1157 1194 1241 1248 nouis
1264 1195 1307 1248 iu-

254 1278 338 1333 dutos
362 1296 413 1350 per
436 1277 548 1350 aliquot
570 1278 631 1334 dies
654 1279 744 1350 ipsius
776 1279 942 1334 festivitatis
967 1280 996 1334 iu
1031 1281 1111 1335 eurio
1133 1299 1185 1336 sue
1217 1283 1306 1338 hono·
1332 1311 1334 1316 v

254 1369 333 1423 rifiee
356 1386 453 1424 seeum
476 1369 591 1423 bebere.
637 1367 727 1423 Nolle
749 1386 816 1422 eum
840 1369 994 1424 infimitas
1011 1371 1167 1441 eorporolis
1189 1373 1305 1428 abistis

255 1449 447 1526 retardavit,
471 1457 521 1513 sed
544 1475 600 1529 quo
623 1475 653 1512 se
676 1475 794 1530 eorpore
817 1457 959 1514 sentiebat
988 1458 1167 1526 debiliorem,
1192 1479 1225 1518 eo
1249 1464 1304 1518 sibi

255 1547 291 1604 ud
314 1547 499 1604 serviendum
521 1548 564 1602 eis
586 1548 708 1618 ingessit
730 1549 791 1602 vim
814 1547 993 1606 validiorem.

381 1783 384 1790 ,
476 1747 683 1814 Olrrrunuu
707 1747 1079 1816 Strenuus-unomen.

299 1897 337 1951 nt
354 1895 417 1968 jum
442 1895 495 1952 Dei
518 1913 641 1967 regnum
664 1897 816 1952 aseendere
847 1897 979 1969 cupidus,
1003 1897 1050 1953 die
1083 1899 1207 1970 quodum
1240 1919 1301 1956 ors·
1317 1889 1441 1945 Osslffllsl's

254 1987 370 2052 terium,
395 2005 451 2059 qno
483 1988 620 2042 continue
653 1987 684 2040 in
708 1987 763 2043 Dio
794 1989 912 2042 seruitio
946 1988 1107 2053 tenebatur,
1141 2007 1206 2044 eum
1241 1991 1301 2046 suis
1314 1959 1397 2010 amb·

252 2077 416 2146 egreditur3
441 2083 471 2131 et
494 2077 547 2132 snb
569 2094 634 2132 sore
656 2083 745 2142 stone,
769 2078 845 2132 ecies
879 2077 1027 2132 oculorum
1062 2079 1133 2132 omlo
1169 2080 1300 2134 intentis·

252 2167 324 2222 sime
358 2167 439 2232 lixit;
465 2167 611 2222 Christum
644 2165 681 2220 ud
705 2165 796 2236 Quem
828 2165 983 2222 eribelubut
1016 2167 1065 2238 pio
1088 2169 1173 2224 corde
1196 2175 1226 2224 et
1252 2187 1300 2226 ere

252 2257 392 2310 intentius
415 2273 508 2311 orons.
554 2255 616 2312 Nee
639 2261 734 2310 erecte
757 2257 879 2320 lumine,
903 2253 943 2312 ut
957 2257 1001 2320 fit,
1026 2257 1083 2311 eito
1106 2257 1233 2324 deflexit,
1250 2260 1300 2314 sed

251 2348 332 2417 ‹luusi
355 2346 466 2417 oliqnid
488 2347 557 2400 novi
580 2363 613 2400 se
636 2345 804 2400 deleetubile
835 2347 1088 2417 contemplaretur,
1113 2347 1162 2402 ubi
1185 2367 1219 2403 eo
1250 2349 1298 2405 de-

252 2435 353 2490 fixerat
384 2435 545 2490 diutissime
575 2435 632 2490 fine
662 2435 786 2490 tenebat.
841 2436 926 2490 Unde
961 2441 1117 2506 presentes
1143 2438 1299 2493 admodum

250 2524 395 2590 admirati,
420 2525 490 2596 quid
512 2529 594 2580 tento
617 2543 702 2596 opere
725 2525 885 2579 intueretur
909 2526 1045 2580 sciscitati
1069 2531 1145 2580 suut.
1190 2525 1299 2597 Quibus

251 2615 312 2685 ipse
344 2617 406 2670 eit:
436 2617 454 2638 ‘⁴
470 2615 626 2670 Considero
658 2631 715 2686 quo
746 2614 843 2669 tendo.
890 2613 1081 2686 Quapropter,
1117 2615 1181 2680 filii,
1215 2619 1299 2672 susti-

253 2707 270 2728 “
288 2711 364 2770 nete,
382 2723 488 2775 quaeso,
505 2709 646 2775 quotenus
658 2703 743 2775 juxto
758 2703 834 2775 quod
853 2705 925 2758 mihi
943 2704 1109 2758 conceditur
1125 2712 1300 2776 praegustem

253 2795 270 2817 “
289 2793 395 2862 gaudia
418 2812 481 2865 opum
505 2799 631 2864 expecto.
677 2791 817 2848 Attamen
833 2793 909 2863 quod
932 2795 1171 2864 percunctemini,
1189 2797 1300 2866 siquid

252 2884 270 2907 ‘⁶
289 2885 342 2938 sibi
366 2883 439 2939 velit
460 2901 543 2938 nosse
566 2885 666 2948 vultis,
688 2899 752 2956 eres
779 2883 860 2936 vobis
883 2889 913 2938 ot
944 2901 990 2938 me
1013 2889 1126 2938 taeeulo
1157 2901 1203 2939 res
1237 2887 1299 2956 ipso

252 2973 270 2996 ‘⁴
288 2973 409 3028 notabit.
457 2973 541 3028 Solus
565 2963 688 3028 etenim
711 2978 829 3036 asterus,
854 2991 906 3043 pro
929 2991 986 3044 qus
1008 2973 1155 3044 hueusque
1172 2975 1299 3029 laborovi

251 3064 270 3086 “
289 3064 318 3116 iu
342 3068 429 3127 terro,
453 3063 552 3126 instet,
576 3081 629 3117 nee
653 3066 719 3116 unte
742 3061 878 3116 truusibit
900 3063 1025 3116 erastino
1048 3063 1119 3126 dies,
1144 3081 1230 3134 quom
1253 3082 1300 3120 me

251 3153 269 3176 “
289 3155 318 3205 in
342 3169 405 3208 eom
433 3151 575 3206 Dominus
605 3169 695 3216 meus,
720 3152 795 3206 sieut
835 3151 983 3222 pellicitus
1017 3157 1071 3215 est,
1105 3152 1299 3208 introducat.''

251 3242 352 3307 Dirit;
376 3247 406 3296 et
428 3241 504 3296 unde
528 3241 622 3296 fueret
643 3258 784 3311 egressus,
808 3241 839 3295 in
863 3241 1020 3295 oratorium
1043 3259 1174 3296 reversus
1195 3249 1249 3308 est,
1266 3239 1302 3299 et

250 3323 510 3386 communionem
534 3322 682 3386 muntem
713 3342 787 3386 enm
811 3326 961 3386 extremo
991 3322 1145 3387 unctione
1177 3325 1301 3410 recepit

250 3411 376 3478 devote.
423 3411 529 3476 Nocte
564 3417 730 3496 sequente,
754 3425 848 3490 prout
882 3419 941 3474 snae
976 3421 1192 3476 consuetudinis
1225 3428 1298 3488 orat,

251 3510 352 3566 horum
374 3515 524 3566 nocturnos
545 3500 653 3564 laudis
676 3510 866 3582 preveniens,
891 3510 1041 3564 eeclesiam
1073 3512 1168 3582 petiit,
1202 3510 1299 3582 ibique

250 3601 343 3654 noetis
376 3599 500 3654 officium
534 3600 663 3670 explens,
686 3597 835 3654 residuum
859 3599 954 3669 ,spatii
986 3599 1062 3669 quod
1097 3599 1175 3654 diem
1209 3617 1299 3671 nsque

250 3689 422 3744 tendebatur
437 3687 553 3743 Divinis
569 3689 702 3744 lendibus
718 3705 770 3759 pro
784 3705 864 3743 mere
879 3689 1003 3758 pervigil
1015 3689 1160 3760 expendit.
1199 3679 1297 3745 Mane

251 3790 329 3832 vero
352 3769 438 3833 facto
461 3767 667 3844 Psulterium,
691 3777 768 3849 quod
800 3777 923 3848 siugulis
946 3776 1046 3831 diebus
1081 3795 1145 3833 eum
1179 3778 1297 3833 floribus

251 3867 318 3922 indo
341 3868 482 3937 exoerptis
515 3857 621 3923 disere
652 3857 779 3923 solebat
791 3881 798 3935 ;
822 3855 957 3920 Missum
989 3857 1120 3922 audivit
1143 3864 1177 3922 et
1211 3881 1296 3924 eom-

250 3947 438 4012 munionem
463 3947 593 4032 recepit,
617 3951 652 4010 et
674 3946 777 4012 totius
800 3945 866 4011 diei
890 3945 990 4010 Horis
1014 3946 1196 4031 persolutis,
1216 3958 1297 4028 qussi

250 4047 285 4100 de
308 4046 478 4100 infirmitate
500 4046 702 4112 consuluisset,
736 4046 870 4108 surrexit,
904 4045 1079 4120 lintheoque
1112 4047 1296 4117 praeeinetns,

249 4136 335 4208 pedes
358 4153 516 4208 ponpeium
539 4152 619 4190 more
641 4135 727 4192 solito
759 4135 841 4200 levit,
865 4135 954 4198 crine,
979 4135 1146 4206 lintheoque
1169 4135 1296 4198 detersit.

250 4225 359 4294 Quibus
382 4225 459 4289 lotis,
483 4231 513 4280 et
528 4225 693 4296 quindecim
715 4224 858 4295 graduum
875 4224 1006 4290 Psalmis,
1024 4241 1094 4294 quos
1110 4225 1186 4280 iuter
1202 4227 1297 4298 ipsum

252 4313 469 4383 mi(ni)sterium
493 4315 615 4386 psallere
638 4332 751 4386 semper
768 4315 856 4368 morie
879 4313 1012 4378 habebut,
1029 4315 1214 4384 percantatis,
1232 4316 1296 4370 snb-

247 4403 347 4474 junxit
371 4406 389 4428 ‘⁴
405 4403 506 4459 Gloria
521 4403 613 4469 Petri,
629 4409 659 4458 et
675 4403 760 4470 Filio,
777 4408 806 4458 et
830 4403 953 4475 Spiritui
971 4403 1108 4458 Senet0.”
1155 4403 1203 4458 Ad
1219 4405 1296 4475 qued

250 4511 317 4549 enm
340 4511 479 4566 pauperes
501 4493 529 4548 ei
551 4493 781 4560 assurrexissent,
797 4511 830 4548 ee
852 4493 951 4547 solitus
974 4493 1083 4562 gratiss
1097 4493 1295 4557 exsolvissent,

250 4584 311 4654 ipse
335 4581 456 4638 dicendo
479 4583 633 4654 “Spiritui
650 4581 757 4638 Sancto
769 4583 787 4608 '¹
804 4587 934 4637 sanctem
949 4583 1091 4636 resolutus
1107 4587 1150 4637 est
1173 4584 1205 4637 in
1220 4601 1295 4638 mor-

250 4678 328 4737 tem3
353 4672 489 4728 emittens
504 4673 639 4744 spiritum
663 4689 747 4725 sunm
764 4677 830 4727 ente
846 4689 1005 4743 pauperum
1029 4671 1115 4742 pedes
1138 4673 1168 4725 iu
1192 4690 1296 4728 manus

251 4760 370 4826 Christi,
388 4761 443 4816 Oui
458 4761 489 4816 in
506 4763 575 4833 ipsis
592 4761 766 4833 pauperibus
782 4763 843 4834 ipse
861 4761 1050 4816 ministraret.
1085 4761 1153 4832 Ipso
1169 4759 1295 4834 denique

247 4855 322 4906 teste
344 4851 399 4906 sibi
423 4851 466 4919 fit,
490 4851 567 4924 qnod
590 4852 641 4906 nni
664 4869 699 4907 ex
721 4851 851 4906 minimis
874 4850 933 4905 suis
957 4849 999 4905 fit..

1073 4957 1160 5020 112
