3606 5798
653 889 734 940 urru
756 889 800 939 or
823 889 871 940 sr.
895 889 1056 939 wrnnrnnr.
1314 874 1377 937 281

456 1127 506 1244 Dc
524 1178 643 1266 praelia
665 1177 713 1246 oct
734 1177 913 1246 domabant
935 1177 1006 1265 ajace
1029 1178 1243 1250 illuminato.

367 1367 622 1435 Adolescentula
658 1369 762 1456 igitur
800 1369 960 1455 quaedam,
999 1389 1020 1433 a
1050 1367 1166 1456 primis
1204 1367 1413 1436 cunabulisa
1427 1385 1500 1438 blind

323 1470 461 1556 privata·
487 1471 652 1535 luminum
688 1471 854 1548 beneficio
881 1475 916 1538 et
949 1470 1095 1536 tenebris
1134 1471 1279 1558 septenis
1314 1471 1375 1537 cir·
1388 1451 1541 1584 {inluihta

322 1577 501 1658 oumsepta,
516 1572 672 1640 conducti
694 1571 831 1637 luminis
847 1572 1004 1638 ducatum
1028 1594 1178 1658 sequens,
1193 1573 1237 1638 ad
1260 1573 1376 1638 Sancti
1389 1585 1538 1704 {zema

323 1674 532 1760 sepulchrum
568 1675 801 1760 recuperandae
837 1675 992 1741 sanitatis
1025 1676 1134 1762 gratia
1165 1696 1269 1760 usque
1303 1696 1375 1762 per·
1388 1717 1512 1770 ofwnic

323 1776 425 1842 venit
471 1776 516 1842 Et
549 1776 629 1842 dum
661 1776 785 1841 ibidem
819 1777 1023 1862 aliquamdiu
1056 1777 1093 1840 in
1116 1777 1320 1842 orationibus
1343 1781 1377 1841 et
1390 1786 1496 1850 surray,

322 1877 514 1964 lacrymosis
536 1877 738 1966 singultibus
761 1878 978 1966 perdurasset,
994 1879 1031 1944 in
1046 1884 1161 1945 sancta
1174 1885 1271 1944 nocte
1293 1879 1376 1944 Pen·
1389 1853 1538 1987 ξξέῐξζὲὶῗ

323 1987 462 2048 tecostee
494 1997 608 2050 somno
640 1982 802 2058 incubuit,
826 1987 861 2047 et
883 2002 958 2047 cum
989 1981 1036 2048 sic
1058 2003 1118 2048 nec
1140 1983 1265 2068 precise
1291 1982 1376 2070 vigi-
1389 1984 1471 2034 there.

322 2083 415 2162 laret,
445 2105 507 2150 uec
537 2084 699 2170 profunde
731 2083 897 2162 dormiret,
921 2089 1021 2171 prout
1051 2083 1187 2150 sanitati
1221 2084 1378 2151 restituta

322 2190 436 2272 postea
467 2186 637 2264 referebat,
670 2185 769 2251 affirit
800 2187 854 2250 vir
886 2185 1022 2272 quidam
1053 2185 1293 2272 pulcherrimus
1326 2209 1377 2253 aa·
1390 2201 1445 2251 The
1458 2201 1542 2264 saint,

321 2293 427 2374 pactu,
452 2309 549 2355 canos
569 2287 694 2355 habens
717 2287 889 2374 angelicos,
905 2289 999 2374 cujus
1015 2287 1101 2354 oculi
1123 2289 1265 2355 nitorem
1287 2311 1376 2377 genr-
1389 2268 1530 2397 §mli

322 2412 450 2456 mamm
479 2391 702 2479 geminabant,
725 2391 768 2456 ad
800 2391 893 2476 cujus
925 2391 1068 2457 vestium
1099 2393 1376 2478 comparationem
1388 2415 1486 2464 pressa
1496 2401 1543 2452 her

1389 2467 1508 2531 cyeballs,
1609 2483 1614 2490 ·

322 2493 416 2560 nives
453 2495 691 2582 nigrescebant,
725 2493 949 2560 inaestimabili
983 2492 1132 2580 fragrans
1163 2494 1268 2567 odore.
1311 2495 1376 2576 Qui
1388 2534 1495 2584 „dm

322 2595 497 2664 miseratus
520 2597 591 2683 ejus
626 2597 802 2674 miseriam,
834 2595 1066 2662 misericordiae
1099 2617 1200 2661 manu
1233 2598 1377 2684 pupillas
1389 2614 1452 2650 θεοῦ·

322 2699 442 2784 pressit
464 2698 650 2778 oculorum;
673 2698 716 2764 ad
740 2697 833 2784 cujus
856 2718 992 2764 manum
1016 2697 1122 2784 caligo
1157 2699 1255 2764 cessit
1285 2700 1377 2766 caeci-

322 2801 411 2877 tatie,
435 2804 470 2865 ct
495 2800 526 2865 ei
559 2821 619 2886 pro
653 2805 741 2866 tetra
772 2803 868 2864 nocto
904 2799 974 2866 dies
1012 2800 1164 2864 redditur
1201 2807 1377 2867 serenatus.

323 2899 495 2988 Enurgens
518 2901 631 2987 itaque
657 2901 768 2987 puella
799 2922 895 2966 novae
918 2900 1002 2966 lucis
1037 2901 1135 2967 latori
1169 2901 1283 2968 laudes
1317 2903 1378 2968 im-

322 3024 451 3068 mensas
484 3003 610 3080 retulit,
636 3008 671 3069 et
697 3003 767 3068 sine
801 3003 867 3068 vire
898 3003 1072 3082 conductu,
1104 3005 1206 3069 oculis
1238 3005 1379 3092 propriis

321 3107 412 3172 viam
433 3105 704 3183 monstrantibus,
726 3106 878 3172 alacriter
900 3106 944 3171 ad
966 3107 1100 3192 propria
1121 3109 1290 3172 remeavit
1335 3169 1340 3176 .

367 3208 492 3274 Eadem
515 3209 616 3274 etiam
639 3213 735 3273 nocte
757 3207 909 3292 quasdam
932 3207 1057 3285 mulier,
1081 3208 1191 3274 dolore
1213 3209 1376 3274 viscerum
1390 3223 1508 3276 Another

321 3309 494 3388 inviscata,
518 3315 553 3376 ct
585 3310 725 3398 caligine
759 3331 846 3375 caeca
876 3309 973 3374 annis
1007 3311 1126 3387 decem,
1160 3315 1239 3376 ante
1270 3305 1530 3378 saucti'⁰m²¹¹⁰¹³

1390 3357 1433 3406 thc
1445 3373 1514 3408 same

321 3413 425 3498 patris
448 3411 615 3477 tumulum
638 3411 822 3498 provoluta,
845 3411 942 3477 fortis
965 3412 1092 3477 oratrix
1116 3417 1167 3477 est
1188 3413 1284 3481 facta.
1331 3415 1376 3480 Et
1388 3423 1465 3539 {¹:122ss
1473 3423 1508 3541 igf

187 3535 191 3543 ’
322 3536 396 3580 cum
428 3514 597 3580 oculorum
621 3513 713 3578 sedes
751 3513 973 3598 lacrymarum
996 3513 1156 3578 imbribus
1188 3515 1376 3600 frequenter
1386 3557 1524 3620 cysenury

321 3616 559 3694 immaduisset,
582 3615 710 3680 v'entris
733 3613 878 3680 dolorem
901 3613 1055 3700 perdidit,
1078 3621 1113 3680 et
1135 3637 1259 3681 novum
1286 3618 1374 3684 diem
1386 3624 1438 3671 ann
1449 3621 1531 3672 bunc.

321 3719 460 3796 invenit,
483 3717 651 3783 admirans
686 3715 866 3804 plurimum
890 3717 931 3782 de
966 3739 1076 3782 rerum
1110 3718 1258 3782 omnium
1292 3703 1455 3806 quaem&

210 3902 215 3912 Ι
323 3820 410 3886 vidit
432 3820 591 3887 novitate.

469 4067 518 4134 Dc
540 4073 708 4159 coratrocto
731 4065 778 4133 od
799 4064 980 4133 tumultum
1001 4065 1074 4152 ejus
1097 4075 1221 4135 marato

367 4246 438 4312 Nec
460 4250 510 4312 ost
533 4243 753 4310 omittendum
777 4243 866 4329 quod
898 4243 980 4309 feria
1014 4245 1157 4311 secunda
1190 4252 1266 4332 post
1288 4248 1372 4314 Pen-
1385 4265 1522 4331 Acripplc

321 4353 468 4415 tecosten
504 4351 691 4417 contractus
729 4345 874 4431 quidam,
912 4346 976 4411 toti
1014 4335 1145 4412 civitati
1184 4353 1371 4436 temporum
1383 4329 1545 4450 ξῗζὲρξξωδ

320 4449 544 4515 diuturnitate
558 4448 759 4524 notissimus,
782 4447 906 4532 rigidos
928 4447 1054 4514 habens
1077 4447 1276 4517 intrinsecus
1298 4475 1371 4518 ner·
1384 4464 1469 4516 anuis

320 4573 379 4616 vos
402 4555 437 4615 et
459 4549 627 4625 arefactos,
642 4541 783 4633 propriis
805 4545 944 4632 pedibus
959 4549 1002 4614 ad
1025 4549 1140 4615 Sancti
1162 4552 1371 4638 sepulchrum
1385 4533 1470 4582 Μ·

322 4628 453 4721 venire·
467 4674 535 4718 non
566 4651 683 4728 valuit,
706 4651 764 4716 sed
795 4651 913 4717 baculo
944 4657 980 4717 et
1013 4653 1134 4739 bajulis
1168 4663 1374 4727 sustentatus

322 4757 459 4834 duobis,
482 4754 562 4822 illuc
584 4753 786 4842 producitur,
802 4757 835 4819 et
858 4755 907 4841 pii
929 4755 1035 4840 patris
1058 4757 1200 4842 gratiam
1223 4761 1375 4847 precibus
1422 4833 1426 4840 ,
