3538 5800
417 853 459 914 40
730 864 812 912 vnn
835 863 955 914 elren
979 861 1142 912 esurum.

416 1054 450 1112 et
474 1048 547 1124 illis,
572 1049 607 1112 id
640 1054 699 1124 est,
722 1047 776 1112 vel
810 1069 890 1134 quos
923 1047 1066 1134 regendo
1099 1046 1160 1112 sub
1193 1045 1351 1133 pastorali
1389 1065 1467 1109 cura

416 1155 612 1236 susceperat,
635 1151 689 1215 vel
712 1173 793 1236 quos
818 1151 1003 1217 asaeculari
1018 1149 1266 1216 conversatione
1282 1149 1466 1212 abstractos

416 1252 559 1338 qualiter
591 1253 700 1318 Deum
732 1253 769 1317 in
800 1253 991 1318 monachico
1026 1252 1147 1318 habitu
1169 1256 1386 1338 sequerentur
1415 1250 1466 1312 in-

416 1337 591 1420 struxeiat.
653 1355 752 1420 Unde
789 1378 845 1420 ex
894 1355 1067 1421 dulcedine
1106 1353 1342 1422 recordationis
1395 1351 1466 1436 ejus

416 1458 552 1535 cunctis,
575 1458 633 1544 qui
656 1457 888 1544 intelligebant
910 1480 945 1523 se
966 1458 1068 1524 fuisse
1098 1457 1183 1522 filios
1206 1457 1286 1542 ejus,
1309 1454 1467 1520 indicitur

416 1559 525 1624 luctus
547 1559 737 1624 communis.

463 1665 515 1727 38.
541 1663 610 1728 Ubi
645 1668 757 1728 autern
799 1666 1086 1748 saepememoratus
1130 1661 1353 1727 AEthclwinus
1396 1662 1466 1725 dux

310 1821 319 1853 ¹
417 1766 552 1831 rescivit
573 1765 752 1851 gloriosum
776 1764 968 1830 Oswaldum
991 1763 1070 1830 huic
1091 1765 1173 1830 vitae
1204 1765 1339 1829 modum
1362 1763 1465 1848 impo-

417 1869 529 1945 suisse,
553 1889 621 1953 pree
644 1867 748 1932 nimia
778 1867 933 1954 angustia
966 1867 1073 1932 cordis
1106 1866 1283 1931 infirmitas
1315 1865 1466 1950 corporis,

417 1992 491 2055 quae
514 1970 609 2034 illum
631 1975 712 2035 tunc
734 1970 819 2034 forte
850 1969 1029 2054 premebat,
1052 1969 1089 2034 in
1122 1973 1256 2034 tantum
1287 1968 1464 2044 convaluit,

417 2078 456 2137 ut
479 2072 724 2158 postmodicum
753 2072 913 2158 temporis
937 2076 1053 2137 sancto
1077 2071 1142 2136 fine
1178 2071 1353 2156 quiescens
1386 2070 1461 2134 uni-

415 2196 518 2240 versae
542 2175 649 2239 camis
671 2175 762 2240 viam
785 2175 934 2250 intraret,
956 2174 1106 2260 sepultus
1129 2174 1166 2238 in
1197 2173 1333 2240 ecclesia
1364 2194 1463 2258 quam

415 2279 451 2341 in
474 2277 647 2343 Rameseia
669 2277 739 2363 ipse
761 2282 796 2341 et
817 2283 913 2362 pater
928 2276 1102 2342 Oswaldus
1125 2277 1166 2342 de
1181 2298 1241 2341 suo
1256 2274 1464 2341 fabricarant.

415 2379 562 2445 Transiit
598 2386 710 2445 autem
748 2381 955 2446 venerandus
979 2379 1114 2465 Deoque
1147 2379 1288 2444 dilectus
1325 2378 1464 2443 antistes

247 2487 407 2540 Thedateof
418 2483 592 2548 Oswaldus
614 2483 657 2548 ab
679 2482 742 2548 hac
764 2482 837 2547 vita
870 2483 914 2546 ad
936 2483 1043 2548 vitam
1077 2487 1235 2548 aeternam
1266 2481 1373 2567 pridie
1405 2481 1464 2545 ka·

247 2553 373 2671 peqqpld’s
416 2583 552 2650 landas1
576 2586 701 2663 Martii,
731 2585 908 2651 transactis
941 2585 985 2650 ab
1023 2585 1223 2670 episcopatu,
1261 2606 1326 2670 quo
1359 2585 1469 2671 primo¹

415 2689 549 2754 functus
579 2693 658 2766 erat,
682 2687 823 2773 triginta
844 2686 898 2751 vel
919 2687 1061 2772 amplius
1084 2687 1202 2764 annis;
1230 2686 1465 2771 conditumque

415 2796 466 2855 est
487 2790 675 2856 venerabile
698 2811 815 2874 eorpus
838 2788 936 2866 illius,
959 2789 1011 2853 uti
1037 2789 1261 2874 praediximus,
1286 2789 1464 2874 Wigorniae

482 2893 617 2958 eeclesia
650 2893 891 2977 gloriosissimae
930 2891 994 2956 Dei
1025 2891 1194 2978 genitricis
1228 2897 1262 2956 et
1296 2897 1464 2978 perpetuas

415 2995 562 3081 Virginis
585 2995 708 3060 Mariae.
754 2993 841 3059 Sane
864 2999 904 3058 ut
925 2993 1034 3080 gratia
1058 2993 1183 3058 Christi
1206 2994 1357 3080 designet
1379 3016 1464 3059 mor-

415 3097 538 3162 talibus
569 3096 760 3162 Oswaldum
792 3096 915 3160 mundo
949 3100 1118 3161 mortuum
1150 3097 1214 3161 sibi
1246 3097 1369 3174 vivere,
1407 3097 1464 3182 qui

414 3222 490 3265 eum
513 3222 580 3266 non
599 3201 697 3285 'quasi
732 3200 865 3286 penitus
899 3203 1068 3264 mortuum
1099 3201 1281 3286 requirunt,
1304 3222 1382 3265 vere
1413 3201 1464 3264 vi-

415 3301 524 3367 ventis
548 3308 582 3367 et
604 3307 682 3367 ante
697 3323 733 3366 sc
755 3300 899 3366 multum
922 3299 1065 3365 valentis
1087 3301 1211 3367 indicia
1234 3302 1270 3366 in
1302 3323 1340 3368 eo
1371 3325 1463 3389 repe-

414 3406 514 3469 riunt.
576 3404 672 3483 Quod
710 3408 749 3468 ut
787 3403 998 3468 evidentibus
1036 3403 1211 3488 probemus
1249 3407 1462 3491 argumentis,

414 3528 488 3592 qua
511 3528 569 3591 per
592 3528 667 3571 eum
690 3510 927 3592 postmortem
951 3527 1043 3572 suam
1066 3505 1154 3570 facta
1176 3511 1211 3571 et
1240 3509 1283 3572 ad
1317 3513 1463 3574 nestram

414 3608 570 3673 notitiam
593 3614 672 3672 sunt
702 3607 839 3694 perlata,
870 3607 984 3693 paucis
1016 3608 1209 3674 subnectere
1241 3610 1307 3675 rati
1341 3632 1463 3679 sumus

415 3711 480 3776 Sed
503 3733 545 3775 ne
564 3710 752 3796 judicemur
774 3711 814 3775 de
837 3709 1055 3796 percipiendis
1075 3711 1215 3798 indigni,
1231 3712 1259 3776 si
1275 3711 1464 3778 invenimur

414 3813 454 3878 de
477 3813 639 3900 perceptis
662 3812 794 3898 ingrati,
817 3833 876 3897 pro
899 3811 941 3876 iis
964 3811 1086 3897 quibus
1109 3813 1290 3878 scribendis
1313 3815 1462 3880 animum

415 3917 573 3992 dedimus,
612 3921 646 3981 et
671 3915 743 4001 jam
776 3914 936 3990 effectum,
976 3920 1074 3999 prout
1112 3913 1202 3979 Deus
1234 3917 1335 3994 dedit,
1374 3918 1463 3983 nacti

414 4041 536 4095 eumue,
559 4019 603 4083 sit
627 4018 695 4104 Ipsi
720 4017 950 4102 Omnipotenti
973 4016 1051 4094 Deo,
1076 4017 1177 4094 Patri,
1213 4019 1307 4096 Filio,
1331 4025 1366 4084 et
1389 4021 1463 4104 Spi-

413 4121 494 4184 ritui
518 4120 648 4194 Sancte,
679 4119 751 4183 laus
785 4123 820 4182 et
853 4118 1035 4203 gratiarum
1070 4119 1156 4184 actio
1179 4140 1237 4204 per
1260 4120 1463 4188 immortalia

413 4222 533 4287 saecula
556 4221 757 4286 saeculorum.
806 4221 919 4285 Amen.

457 4367 610 4452 Ecplc'cit
637 4366 719 4434 Vita
741 4366 840 4433 Beati
869 4367 1024 4446 Oarualda',
1048 4368 1292 4456 archiepiscopi
1323 4377 1353 4436 et
1387 4393 1462 4438 cen-

409 4468 568 4558 feaaerie.²
613 4450 799 4554 Incipiunt
836 4470 996 4556 quaedum
1027 4471 1066 4536 dc
1099 4472 1283 4538 miraculis
1314 4473 1462 4558 ejusdcm

408 4572 531 4659 putris.

446 4761 453 4794 ¹
471 4761 552 4810 aridia
563 4759 698 4827 kalendas]
718 4761 744 4826 ij.
756 4761 818 4822 kal,
829 4761 863 4811 A.
927 4765 957 4828 Ι.
990 4761 1000 4794 ²
1018 4761 1211 4829 ctcoasmcris]
1232 4779 1282 4814 om.
1294 4763 1329 4814 Δ.
