3582 5798
439 869 503 932 132
591 881 740 932 nrsronr
762 882 806 932 os
828 881 921 932 roos
944 879 1184 931 sscnsrsnors
1206 881 1250 929 or
1273 879 1370 930 roan

264 1085 351 1164 aelph
413 1069 604 1155 ¹episcopus
619 1067 661 1134 ab
679 1067 737 1133 illo
752 1072 917 1154 praecepto
939 1066 1026 1153 regis
1041 1067 1077 1131 in
1097 1065 1291 1132 Pentecoste
1315 1065 1427 1130 dicens
1450 1083 1484 1128 se

263 1151 399 1269 ffiffls
433 1169 512 1237 hinc
529 1172 622 1256 [non]
638 1171 735 1258 longe
757 1176 833 1256 post
848 1175 1027 1236 venturum
1042 1190 1156 1256 pacem
1171 1169 1260 1234 inter
1274 1166 1489 1253 archiepisco-

264 1285 367 1364 orosius
434 1293 514 1358 pum
553 1278 588 1338 et
620 1273 730 1358 ipsum
762 1293 963 1358 componere,
993 1278 1028 1337 et
1059 1272 1100 1337 de
1132 1271 1204 1358 ejus
1236 1269 1487 1345 consecratione,

264 1351 414 1416 ¹¹¹¹¹¹⁹¹¹⁰⁵²·
434 1373 505 1440 Deo
535 1375 725 1461 adjuvante,
750 1373 833 1439 bene
863 1375 1043 1460 disponere.
1093 1372 1171 1438 Post
1198 1372 1415 1439 Pentecosten
1436 1391 1485 1434 re-

434 1497 548 1542 versus
579 1481 637 1554 est,
670 1481 705 1541 et
736 1497 796 1540 rex
825 1475 868 1541 ad
898 1475 1088 1560 proximum
1120 1475 1242 1540 festum
1280 1472 1395 1540 Sancti
1428 1470 1486 1536 Jo-

433 1577 563 1644 hannis.
620 1577 707 1657 Quia
729 1597 807 1641 vero
838 1577 927 1641 inter
963 1576 1245 1661 archiepiscopum
1278 1580 1312 1639 et
1345 1573 1486 1638 electum

436 1679 506 1764 [de]
536 1679 777 1745 consecratione
806 1699 874 1743 non
912 1683 983 1743 erat
1017 1677 1198 1754 concordia,
1221 1677 1278 1762 qui
1305 1673 1487 1762 episcopale

435 1779 577 1847 officium
602 1801 670 1845 non
701 1784 839 1865 poterat,
878 1779 1078 1846 sacerdotale
1115 1779 1234 1843 devote
1268 1776 1421 1854 iaciebat,
1452 1780 1487 1840 et

430 1883 532 1969 juxta
561 1882 732 1948 scientiam
764 1887 799 1947 et
832 1879 1025 1948 facultatem
1058 1902 1152 1946 suam
1186 1880 1344 1946 interiora
1366 1885 1400 1945 et
1429 1901 1486 1944 ex·

434 1986 557 2050 teriora
579 1989 711 2049 strenue
733 1983 876 2070 gerebat,
900 1983 1014 2050 dolans
1037 1983 1126 2069 quod
1148 1983 1245 2068 plene
1266 2003 1334 2048 non
1356 1985 1487 2068 poterat

433 2087 477 2152 ad
500 2087 588 2172 quod
611 2087 797 2151 destinatus
820 2089 898 2150 erat.

265 2193 364 2244 Aaou.
479 2189 574 2256 Circa
596 2188 718 2254 festum
743 2188 858 2254 Sancti
885 2187 1057 2253 Michaelis
1080 2188 1275 2253 convocavit
1306 2209 1365 2252 rex
1398 2186 1487 2272 apud

264 2259 366 2378 ἱᾜξξ
433 2288 638 2356 Londoniam
661 2291 828 2376 episcopos
852 2294 887 2354 et
908 2287 1061 2367 abbates,'
1078 2289 1242 2376 principes
1265 2295 1300 2354 et
1330 2289 1488 2374 primores

263 2393 411 2508 ffinffnlat
433 2394 527 2479 regni
548 2393 610 2471 sui,
633 2414 707 2460 cum
732 2393 779 2458 eis
802 2393 843 2458 de
866 2414 955 2479 pace,
977 2393 1019 2458 dc
1042 2397 1134 2458 statu
1156 2393 1258 2479 regni,
1282 2392 1323 2457 de
1345 2392 1487 2478 negotiis

263 2474 387 2574 maguae-
432 2501 574 2561 acturus.
620 2495 714 2561 Inter
736 2515 818 2580 quos
842 2495 965 2559 diversi
993 2495 1118 2560 ordinis
1141 2493 1277 2580 plurimi
1310 2493 1486 2559 affluerunt.

264 2591 332 2642 An).
347 2597 419 2644 ¹1¹⁵·
433 2597 487 2660 Ibi
509 2619 568 2662 rex
600 2595 702 2662 electo
736 2601 848 2661 nostro
871 2597 912 2660 de
944 2594 1103 2660 dilatione
1136 2595 1388 2661 consecrationis
1418 2617 1487 2660 suae

433 2697 654 2784 conquerenti,
677 2691 831 2762 adstante
853 2696 972 2761 comite
996 2694 1036 2760 de
1061 2695 1208 2774 Mellent²
1231 2701 1266 2760 et
1288 2696 1423 2783 Nigello
1446 2697 1486 2760 de

263 2806 395 2885 Theking
435 2800 605 2876 Albaneio‚
628 2797 802 2864 consilium
829 2797 921 2862 dedit
953 2802 1116 2882 quatenus
1139 2797 1317 2882 proborum
1340 2799 1487 2862 virorum

263 2875 404 2992 ssffiw
435 2901 625 2967 testimonio
647 2900 928 2986 archiepiscopum
951 2900 1151 2978 conveniret,
1175 2905 1210 2964 et
1241 2900 1284 2965 ab
1306 2921 1344 2965 eo
1377 2921 1488 2966 conse-

263 3007 393 3084 8010111
435 3005 519 3069 erari
541 3001 713 3066 humiliter
742 3002 930 3086 requireret.
978 3000 1074 3080 Quod
1096 3001 1126 3066 si
1148 3005 1326 3087 antequam
1356 3001 1488 3078 faceret,

263 3073 418 3189 {ffihfflp
435 3103 563 3189 aliquid
586 3103 675 3189 quod
697 3103 860 3188 injustum
882 3102 1037 3167 videatur
1052 3103 1206 3189 exigeret,
1229 3103 1266 3168 in
1289 3103 1488 3170 sententiam

263 3219 396 3281 consecra·
436 3210 471 3270 et
492 3204 700 3269 voluntatem
724 3201 872 3267 domini1
896 3201 1018 3289 [papae]
1042 3224 1076 3268 se
1099 3224 1221 3288 ponere
1244 3204 1375 3270 diceret.

263 3277 324 3320 *¹⁰¹³
479 3306 591 3370 Laetus
614 3305 655 3370 de
685 3305 887 3383 concilicet
916 3326 1026 3370 secum
1048 3305 1209 3370 adhibitis
1240 3305 1400 3372 (lanfrido
1423 3306 1489 3372 Ro·

263 3360 379 3478 giphgppg
436 3407 620 3492 tornagensi
643 3407 896 3492 archiepiscopo,
919 3406 1072 3472 Johanne
1105 3407 1304 3474 Lexoviensi
1327 3407 1489 3494 episcopo,

263 3492 418 3609 ffifflp
435 3508 603 3574 Rannulfo
634 3508 859 3586 Dunelmensi,
882 3513 917 3574 et
949 3509 1064 3574 multis
1096 3509 1221 3574 clericis
1243 3515 1278 3576 et
1311 3510 1491 3587 monachis,

263 3625 418 3676 endothers.
435 3614 471 3674 et
493 3609 689 3695 quibusdam
712 3609 814 3687 laicis,
837 3609 1249 3696 archiepiscopumcoram
1273 3611 1425 3698 pluribus
1448 3612 1488 3676 de

435 3734 495 3778 suo
517 3733 654 3777 numero
685 3711 844 3796 cujusque
871 3711 995 3777 ordinis
1027 3712 1220 3798 suppliciter
1252 3715 1428 3799 requisivit
1450 3718 1489 3778 ut

261 3823 406 3942 pppipper-
436 3836 511 3879 eum
534 3818 743 3880 consecraret.
790 3812 854 3878 Cui
869 3811 945 3878 ille:
968 3811 1178 3891 “Libenter,’'
1194 3813 1313 3899 inquit,
1335 3814 1489 3892 “faciam,

141 3985 146 3997 ,
262 3955 370 4008 sefion.
435 3926 453 3952 “
475 3919 503 3982 si
526 3916 668 3983 feceritis
691 3914 779 4001 quod
802 3914 956 3980 debetis.''
994 3916 1039 3980 Et
1058 3915 1292 3982 Eboraccnsis:
1315 3918 1395 3982 “Ex
1413 3917 1505 4004 jure·

263 4023 403 4074 ltistono
435 4027 452 4054 “
475 4019 683 4086 ecclesiarum
720 4022 917 4094 nostrarum,
960 4038 1100 4102 quarum
1147 4018 1382 4106 archiepiscopi
1419 4041 1488 4085 sese

262 4103 378 4212 purpose.
435 4129 451 4156 “
476 4120 598 4186 debent
620 4120 763 4185 invicem
778 4139 973 4196 consecrare,
988 4139 1009 4182 a
1031 4118 1126 4184 vobis
1146 4120 1326 4186 consecrari
1349 4121 1488 4206 postulo.

435 4231 451 4258 ‘¹
476 4222 512 4287 Si
535 4221 616 4307 quid
647 4221 765 4286 deinde
788 4219 931 4286 ecclesiae
954 4225 1081 4298 vestrae,
1103 4221 1158 4285 vel
1180 4242 1328 4308 personae
1351 4244 1404 4287 me
1433 4223 1488 4287 de-

435 4331 453 4358 “
475 4323 561 4400 bere,
584 4323 639 4387 vel
661 4324 815 4390 canonice
845 4328 1027 4388 monstrare
1058 4323 1218 4410 poteritis,
1242 4324 1398 4390 exhibere
1420 4346 1488 4390 non

436 4431 452 4458 “
476 4421 615 4488 recuso.”
662 4423 754 4489 Tunc
785 4424 1036 4512 Rotomagcnsis
1066 4425 1350 4512 archiepiscopus:
1382 4426 1487 4492 “Non

346 4594 349 4600 ,
434 4523 510 4602 est,''
526 4522 646 4608 inquit,
670 4529 867 4590 “tantarum
891 4547 1104 4612 personarum
1120 4528 1172 4593 uti
1196 4527 1391 4614 duplicitate
1414 4549 1487 4594 ver-

670 4785 674 4800 ·
768 4769 776 4804 ¹
793 4769 896 4837 mint]
917 4770 953 4834 in,
964 4771 1011 4821 ins.
1023 4771 1082 4824 Ms.
