3606 5798
562 845 606 894 ro
629 827 801 894 escures
824 843 861 893 11.
884 841 999 893 secur
1021 841 1178 893 suasus.
1331 829 1396 894 233

171 1033 329 1088 Emit·
343 1029 416 1098 iic:
452 1036 502 1096 Ad
531 1039 701 1106 Eboracum,
740 1028 858 1116 inquit,
890 1035 1051 1104 civitetem,
1085 1042 1115 1095 te
1157 1038 1292 1096 volumus
1325 1037 1392 1095 mit·
1405 1049 1523 1101 κῦμα]

343 1133 414 1195 tere,
445 1147 532 1201 quem
554 1129 616 1202 ipse
647 1127 823 1201 judicaveris
846 1117 1091 1198 ordinandum
1117 1127 1160 1184 ite
1188 1133 1223 1183 ut
1245 1127 1271 1184 si
1293 1128 1394 1184 eedem
1406 1102 1550 1234 mg&

342 1219 446 1276 civitas
466 1236 534 1276 cum
556 1217 691 1274 finitimis
725 1217 796 1274 locis
824 1217 945 1274 verbum
972 1217 1027 1274 Dei
1048 1218 1200 1290 receperit,
1231 1217 1294 1290 ipse
1325 1236 1395 1290 quo·

342 1325 399 1380 que
433 1307 585 1365 duodecim
622 1307 772 1381 episcopos
809 1306 935 1373 ordinet,
973 1311 1004 1362 et
1038 1307 1256 1381 metropolitani
1287 1308 1397 1366 honore
1495 1293 1500 1302 ’

343 1397 517 1470 perfruatur.

387 1477 436 1542 At
459 1499 536 1544 vero
558 1499 666 1563 neque
688 1476 908 1564 Augustinus,
930 1497 1037 1562 neque
1060 1475 1268 1554 Laurentius,
1290 1498 1398 1562 neque

344 1579 463 1644 tertius
500 1579 544 1644 ab
578 1578 770 1667 Augustino
807 1577 957 1644 Mellitus
994 1577 1255 1645 Dorobernensis
1292 1579 1398 1646 archi-

343 1681 514 1768 episcopus
529 1681 675 1768 aliquem
697 1681 741 1748 ed
765 1681 946 1748 Eboracam
969 1680 1152 1747 destinavit
1174 1681 1396 1747 ordinandum

343 1784 542 1870 episcopum.
598 1783 745 1864 Quartus
775 1787 889 1850 eutem
922 1781 966 1849 eb
998 1803 1037 1848 eo
1068 1782 1187 1849 duetus
1219 1783 1395 1850 Paulinum
1408 1794 1553 1848 Itvunot

343 1886 530 1954 antistitem
563 1885 776 1962 consociavit,
799 1890 834 1950 et
864 1905 940 1950 eum
970 1883 1150 1969 provinciae
1182 1885 1396 1952 Eboracensis
1408 1861 1564 1980 eflffiffi

345 1987 476 2074 populis
506 1986 757 2073 praedicatorem
787 1985 962 2072 delegavit.
1023 1985 1075 2052 De
1098 2008 1163 2072 quo
1186 1987 1285 2053 Justo
1315 1989 1541 2060 scirebishoptc

345 2089 455 2166 velim,
486 2109 530 2154 au
568 2110 644 2154 eum
680 2087 902 2154 Eborecenses
941 2108 1019 2174 erge
1052 2109 1087 2152 se
1119 2087 1256 2154 minoris
1294 2061 1564 2188 fuissfleddlldsllde

346 2191 520 2278 dignitatis
543 2196 742 2269 asseverent,
757 2211 857 2276 quem
876 2189 1053 2278 Gregorius
1076 2189 1304 2278 Augustinum
1326 2192 1571 2270 foresthaner

346 2292 502 2370 decrevit,
523 2313 569 2358 an
591 2291 750 2378 ejusdem,
773 2290 831 2377 qui
853 2289 936 2358 iecit
958 2290 1047 2377 quod
1069 2290 1130 2356 ille
1148 2291 1254 2358 facere
1272 2293 1397 2373 debuit,
1410 2261 1570 2378 fillius&

346 2416 407 2461 nec
429 2398 541 2460 tamen
563 2392 702 2460 fortusse
717 2393 852 2480 potuit?
897 2392 945 2458 Ni
959 2392 1066 2471 fallor,
1088 2393 1235 2478 ejusdem
1257 2417 1398 2482 prorsus,
1411 2393 1565 2470 bassaus

346 2496 508 2582 inquient,
531 2496 611 2582 quia
636 2495 686 2560 nil
715 2495 858 2582 impedit
889 2515 1104 2582 personarum
1134 2495 1319 2576 diversitas,
1341 2499 1400 2564 ubi
1412 2465 1524 2575 maon

347 2599 436 2665 idem
458 2599 539 2664 facit
564 2598 680 2664 eedem
704 2603 739 2664 et
760 2597 917 2664 voluntas
943 2603 978 2663 et
1000 2602 1154 2684 potestas
1201 2599 1257 2667 Iu
1278 2603 1400 2682 tamen
1413 2591 1572 2658 Augustino?

349 2706 388 2767 ut
410 2720 610 2767 successores
632 2699 767 2767 Paulini
797 2699 915 2766 itidem
938 2705 1151 2767 censerentur
1173 2722 1249 2768 cum
1276 2723 1402 2770 succes·

348 2801 476 2868 scribas
498 2800 598 2880 Justi,
621 2800 735 2887 quales
757 2801 864 2868 futuri
887 2823 958 2868 esse
980 2801 1204 2868 decernuntur
1225 2825 1300 2870 oum
1332 2825 1403 2873 suc·

349 2903 529 2970 sessoribus
552 2902 743 2990 Augustini.
790 2901 922 2970 Habuit
946 2903 1051 2990 igitur
1065 2902 1120 2968 vel
1144 2924 1248 2969 unum
1271 2907 1404 2994 Augus-

351 3005 442 3070 tinus
464 3025 682 3072 successorem
705 3025 804 3090 quem
827 3003 962 3072 ecclesia
989 3004 1204 3072 Eboracensis
1228 3013 1263 3072 et
1285 3007 1404 3074 habuit

351 3113 385 3175 et
406 3108 527 3174 habere
551 3107 668 3173 debuit
690 3107 876 3194 primatem.

397 3209 462 3276 Sed
493 3210 583 3275 euim
613 3209 774 3274 Paulinus
795 3215 930 3296 gentem
956 3209 1000 3276 ed
1026 3231 1129 3296 quam
1155 3211 1276 3279 missus
1307 3219 1359 3279 eet
1381 3226 1539 3279 apollines

350 3311 550 3398 gentilitatis
588 3331 696 3378 errore
733 3311 908 3392 convertit,
946 3316 981 3376 et
1017 3312 1062 3379 ab
1099 3314 1291 3400 Apostolioa
1327 3293 1564 3422 aedeffioffi,

253 3427 257 3434 '
351 3415 489 3501 pellium
520 3413 711 3500 suscipiens,
734 3413 770 3478 in
794 3412 941 3480 Eborace
967 3414 1159 3482 cathedram
1185 3417 1532 3504 episcopelembutcon.

352 3517 509 3592 instituit,
545 3515 734 3602 episcopum
773 3520 887 3581 tamen
924 3516 960 3580 in
994 3517 1167 3602 provincia
1204 3541 1264 3585 sua
1300 3520 1404 3585 nemi·
1417 3495 1530 3544 “m

356 3641 432 3684 nem
467 3618 600 3684 creavit
663 3617 714 3685 Ac
744 3615 863 3683 deinde
894 3623 970 3704 post
1000 3618 1080 3699 haee,
1112 3619 1269 3687 defuneto
1299 3621 1322 3686 ,J
1325 3627 1407 3699 usto,

188 3718 223 3770 11.
230 3719 294 3770 nii.
304 3725 345 3770 ²⁰·
359 3720 526 3786 Honorius
548 3741 608 3806 pro
623 3739 662 3784 ec
677 3718 926 3786 Cantuariensis
946 3720 1092 3787 succedit
1110 3721 1290 3808 episcopus.
1335 3731 1407 3786 Tur-

358 3819 433 3875 butis
456 3819 554 3890 itaque
576 3817 662 3874 rebus
683 3816 1010 3884 Northanhimbrorum,
1034 3836 1100 3874 cum
1131 3819 1174 3874 nil
1197 3821 1304 3875 alicubi
1335 3839 1407 3893 prse-

358 3907 426 3964 sidii
448 3907 507 3963 nisi
533 3907 564 3961 in
587 3907 658 3978 suga
687 3925 748 3962 esse
771 3906 890 3974 videret,
914 3907 1054 3963 Paulinus
1076 3907 1164 3964 rediit
1194 3900 1237 3964 ad
1269 3906 1408 3966 matrem

357 4009 450 4053 suam
484 3986 756 4053 cantuariensem
788 3985 966 4064 ecclesiam,
992 4001 1079 4068 atque
1101 3997 1137 4052 ab
1160 3997 1291 4054 Honorio
1314 3999 1407 4054 erchi-

358 4087 492 4158 cpiscopo
514 4087 640 4140 multum
671 4084 828 4140 honorifice
854 4089 1004 4157 susceptus
1026 4091 1079 4140 est.
1137 4085 1199 4155 Quo
1223 4086 1254 4141 in
1277 4093 1407 4159 tempore
1421 4089 1533 4139 Hessees

359 4176 492 4232 Rofensis
514 4175 644 4239 ecclesie,
668 4185 743 4250 quae
766 4165 956 4231 (lantuariae
986 4186 1055 4231 non
1077 4165 1183 4230 solum
1209 4168 1407 4254 magisterio,
1420 4155 1523 4272 ἓξὲξ·

358 4267 576 4334 verumetiam
591 4265 765 4353 temporali
786 4265 932 4331 dominio
955 4265 1124 4352 hucusque
1148 4269 1321 4348 serviebat,
1344 4297 1407 4351 pus·
1420 4285 1510 4352 buhop
1522 4287 1551 4338 of

358 4371 451 4422 torem
481 4365 603 4421 minime
628 4365 762 4430 habebat,
785 4381 819 4420 ao
850 4382 902 4436 per
930 4365 986 4420 hoc
1015 4383 1114 4420 euram
1136 4357 1240 4442 ipsius
1269 4369 1408 4439 praeietus
1420 4353 1568 4416 R⁰⁰¹²0⁸⁸⁹¹³

359 4455 499 4511 Paulinus
533 4454 706 4510 invitatione
740 4449 775 4509 et
811 4450 975 4530 praecepto
1013 4454 1139 4510 Honorii
1171 4421 1557 4538 archicpiscopifflffif⁰

359 4544 486 4617 suscepit
507 4540 542 4600 et
563 4543 669 4609 tenuit,
685 4561 774 4615 usque
797 4543 868 4598 dum
890 4548 921 4598 et
942 4542 1004 4616 ipse
1019 4561 1071 4600 suo
1086 4551 1215 4618 tempore
1230 4547 1267 4602 ud
1282 4547 1409 4604 caelestia
1420 4554 1494 4619 bury.

359 4651 451 4708 regns
472 4652 539 4690 cum
561 4632 681 4707 gloriosi
703 4633 800 4690 fructu
823 4631 930 4690 laboris
951 4633 1090 4692 ascendit.
1151 4637 1188 4693 In
1211 4653 1269 4709 qua
1290 4637 1410 4696 ecclesie

1417 3575 1451 3610 no
1463 3559 1565 3624 bishop.
