3606 5798
450 863 516 930 300
733 879 973 930 macuculam
997 881 1171 932 nummus
1193 883 1236 934 ro

279 1073 331 1150 nor
342 1073 394 1124 this
405 1075 437 1126 he
452 1063 531 1128 Ideo
564 1085 607 1130 ex
629 1065 694 1130 isto
716 1065 877 1144 Articulo‚
900 1065 987 1130 sicut
1019 1065 1056 1130 in
1090 1066 1242 1133 omnibus
1260 1095 1261 1098 ¹
1276 1067 1350 1132 aliis
1382 1086 1501 1152 praeee·

277 1154 414 1262 {ffiffl
451 1165 615 1246 dentibus,
637 1172 733 1252 patet
762 1167 872 1254 ipsum
894 1187 961 1232 non
984 1167 1090 1234 solum
1114 1189 1183 1234 esse
1214 1169 1393 1255 perjurum,
1421 1163 1500 1234 sed¹

450 1267 551 1332 etiam
575 1269 904 1336 excommunicatum.

281 1375 436 1440 ⁷·11011f5'6
494 1369 654 1448 SEPTIMO,
686 1371 848 1456 ponimus,
871 1371 1012 1437 dicimus
1043 1377 1078 1438 et
1111 1371 1249 1458 probare
1271 1371 1500 1450 intendimus,2

277 1443 516 1584 ffiffldnos,
539 1475 767 1557 procuratores
781 1472 950 1549 antedicti,
966 1476 1082 1539 eontra
1103 1473 1300 1558 praedictum
1322 1473 1495 1538 dominum

278 1571 750 1659 ofnsfoes.H0n110um,quod
780 1573 869 1639 idem
903 1573 1056 1640 dominus
1090 1573 1255 1641 Henricus
1288 1595 1356 1640 non
1392 1573 1499 1640 solum

445 1673 595 1740 dominos
629 1671 826 1760 spirituales,
844 1675 1039 1762 pontifices,
1072 1676 1235 1762 praelatos,
1271 1677 1498 1762 presbyteros,

446 1781 487 1854 et,
511 1782 551 1842 ut
584 1777 810 1862 praemittitur,
841 1777 1018 1865 religiosos,
1050 1777 1208 1864 suspendi
1242 1783 1277 1844 et
1314 1778 1496 1863 decapitari

445 1877 524 1944 fecit
556 1884 591 1944 et
639 1880 744 1966 jussit
756 1903 764 1960 ;
794 1879 1014 1945 verumetiam
1049 1886 1084 1946 et
1112 1880 1265 1947 dominos
1297 1881 1496 1967 temporales

445 1985 479 2046 et
512 1981 607 2067 regni
637 2002 787 2066 proceres
819 1982 1091 2068 quamplurimos,
1115 1989 1150 2048 et
1182 1982 1253 2048 fere
1287 2005 1402 2069 omnes
1437 2004 1496 2070 pm

438 2082 574 2168 justitia
595 2084 689 2170 regni
722 2083 917 2148 insudantes
948 2089 983 2149 et
1014 2083 1201 2150 laborantes
1234 2085 1415 2151 crudeliter
1445 2105 1497 2150 oc-

442 2185 525 2250 cidit
555 2191 591 2250 et
623 2185 777 2270 nequiter
813 2184 998 2264 interfecit;
1031 2191 1066 2250 et
1099 2185 1209 2272 plures
1247 2187 1371 2252 nititur
1407 2185 1497 2251 infra

441 2285 541 2352 breve
573 2285 771 2353 confundere
805 2291 840 2351 et
873 2287 1076 2372 extinguere,
1098 2287 1165 2352 nisi
1198 2309 1267 2354 suae
1300 2288 1438 2352 malitiae
1461 2292 1497 2352 et

443 2385 602 2470 nequitiae
634 2409 693 2473 per
714 2383 778 2452 Dei
808 2387 1067 2454 misericordiam
1090 2393 1125 2454 et
1146 2389 1290 2474 gratiam
1313 2390 1411 2455 citius
1436 2388 1510 2476 ob-¹

273 2514 349 2566 some
444 2487 572 2553 vietur:
597 2488 685 2554 inter
709 2510 790 2575 quos
813 2489 962 2555 dominos
984 2491 1088 2576 regni,
1116 2511 1272 2576 proceres,
1298 2496 1331 2556 et
1357 2511 1495 2578 magna·

272 2595 415 2699 nppgpsare
444 2595 504 2669 tes,
526 2591 633 2677 primo
656 2592 781 2657 scilieet
803 2591 974 2657 dominum
997 2593 1152 2658 comitem
1175 2591 1303 2686 Sarum,
1319 2593 1492 2658 dominum

272 2663 299 2714 ⁸¹
352 2684 357 2696 '
443 2693 597 2759 comitem
629 2693 874 2780 Huntyngdon,
911 2691 1085 2759 dominum
1119 2695 1272 2760 comitem
1312 2694 1494 2770 Glocestre,

442 2796 613 2862 dominum
636 2796 803 2882 Rogerum
827 2794 1024 2873 Clarendon,
1046 2796 1182 2861 fratrem
1206 2795 1332 2860 domini
1346 2797 1444 2882 regis,
1460 2803 1494 2861 et

441 2898 535 2983 quasi
559 2896 709 2963 infinitos
742 2896 832 2974 alios,
863 2895 988 2964 milites
1020 2902 1055 2962 et
1076 2897 1276 2982 armigeros3
1309 2896 1492 2962 novissime

441 3025 529 3082 vero,
559 3004 648 3089 quod
676 3003 828 3068 dolenter
857 3003 1040 3080 referimus,
1074 3003 1201 3068 nobiles
1233 3004 1384 3068 dominos
1406 3003 1494 3068 exis·

441 3109 551 3170 tentes
588 3104 720 3181 milites,
752 3103 923 3169 dominum
946 3103 1107 3168 Thomam
1130 3104 1235 3189 Percy
1250 3105 1404 3170 comitem
1420 3103 1493 3167 Wi-

271 3215 396 3280 e.g.Hot-
444 3205 579 3290 gorniae,
611 3210 646 3270 et
676 3205 846 3274 dominum
881 3204 1065 3270 Henricum
1097 3203 1210 3290 Percy,
1233 3205 1493 3292 primogenitum

270 3295 339 3346 ΒΨ·
444 3306 575 3371 comitis
595 3305 877 3385 Norchumbriae,
922 3327 1020 3391 quem
1059 3305 1242 3372 Henricum
1281 3306 1387 3392 Percy
1424 3326 1494 3371 non

443 3409 550 3474 solum
573 3408 674 3474 semel
697 3407 826 3486 occidit,
843 3407 909 3486 sed,
925 3413 1088 3494 quantum
1111 3408 1147 3473 in
1162 3408 1234 3494 ipso
1250 3415 1310 3488 est,
1325 3410 1376 3475 bis
1393 3414 1427 3474 et
1441 3414 1493 3475 ter

272 3539 322 3590 His
333 3541 402 3607 body
442 3511 609 3578 interfecit
620 3534 629 3592 ;
652 3511 730 3595 quia
752 3515 927 3596 postquam
950 3510 1016 3575 fuit
1039 3509 1138 3577 semel
1154 3510 1286 3589 occisus,
1302 3516 1337 3576 et
1360 3512 1492 3578 domino

271 3609 411 3722 saeptam
441 3613 483 3678 de
517 3612 708 3698 Furnyvale
742 3612 785 3676 ad
817 3610 1044 3696 sepeliendum
1077 3612 1222 3676 traditus
1253 3617 1288 3678 et
1318 3613 1490 3692 liberatus,

269 3688 427 3801 liddam
442 3716 516 3802 <qui
542 3716 653 3801 ipsum
675 3713 904 3780 ecclesiasticae
935 3713 1123 3798 sepulturae,
1145 3719 1245 3798 prout
1274 3715 1374 3780 moris
1396 3709 1493 3780 erat³

270 3807 368 3870 erueny
440 3817 714 3894 Christianorum,
745 3837 819 3882 curn
853 3814 1065 3899 honoreque
1097 3820 1178 3880 tunc
1200 3816 1319 3901 potuit,
1342 3817 1490 3896 tradidit,

270 3873 420 3989 gsspffict
439 3925 474 3985 et
503 3941 578 3987 cum
611 3917 775 4004 suffragiis
813 3921 1027 3995 mortuorum,
1065 3915 1240 3983 Missarum
1279 3925 1314 3984 et
1350 3919 1490 3986 aliarum

269 4005 411 4134 ξξζζῐζξθῇ.
438 4023 626 4088 orationum
649 4021 755 4106 ipsius
788 4019 934 4084 animam
959 4019 1048 4105 apud
1071 4018 1180 4084 Deum
1207 4021 1451 4088 commendavit
1465 4025 1488 4106 3)

437 4125 527 4189 idem
549 4123 704 4189 dominus
727 4119 902 4197 Henn'cua
925 4125 965 4184 ut
999 4125 1135 4186 cruenta
1165 4121 1281 4199 bestia,
1311 4121 1383 4206 ejus
1414 4143 1490 4188 san-

437 4227 572 4313 guinem
610 4223 718 4289 denuo
758 4221 893 4304 sitiens,
932 4225 967 4286 et
1012 4221 1083 4306 ejus
1120 4242 1237 4307 corpus
1276 4221 1317 4288 de
1359 4223 1489 4288 tumulo

437 4327 611 4394 exhumari
645 4331 689 4390 et
711 4323 845 4390 extrahi
880 4323 1047 4410 praecepit,
1081 4327 1116 4388 et
1146 4323 1235 4389 inter
1267 4323 1351 4394 duas
1384 4323 1488 4390 molas

437 4431 596 4496 asinarias
634 4429 670 4492 in
709 4426 852 4512 quodam
899 4425 973 4492 vico
1013 4425 1054 4489 do
1101 4424 1342 4511 Shrowsebury
1385 4425 1488 4511 juxta

471 4705 479 4738 ¹
496 4702 553 4769 sed]
574 4717 619 4751 mn.
630 4701 704 4752 Text.
1021 4699 1032 4733 ³
1049 4697 1118 4765 εναι]
1139 4705 1185 4762 eat,
1196 4701 1230 4750 Δ.

368 4841 384 4870 ·
469 4783 481 4816 ²
498 4779 658 4846 intendimus]
678 4780 747 4844 quod
758 4779 804 4830 ins.
817 4779 889 4830 Text.
