3606 5798
417 885 483 952 280
740 898 819 947 mrn
841 897 885 946 or
908 897 953 948 sr.
980 897 1138 947 urrann.

326 1147 330 1153 .
414 1080 513 1170 gleba
533 1082 643 1148 fuerat
669 1081 829 1162 involuta,
853 1083 947 1148 nulla
976 1087 1070 1170 parte
1101 1083 1153 1150 sui
1187 1083 1289 1150 ullam
1324 1087 1471 1150 senserat

415 1185 589 1264 ustionem,
613 1206 673 1250 nec
695 1191 774 1251 erat·
790 1191 830 1250 ut
851 1185 970 1251 ardens
989 1206 1063 1252 caro
1079 1186 1167 1271 quod
1186 1187 1303 1251 subtus
1325 1187 1471 1264 latebat;

417 1287 474 1351 sed
497 1286 592 1372 quasi
615 1291 790 1373 argentum
813 1287 1009 1354 candescens
1035 1288 1072 1352 in
1101 1287 1232 1354 fornace
1256 1287 1379 1354 candor
1400 1307 1470 1352 car·

368 1427 369 1431 =
417 1389 470 1453 nis
501 1389 545 1454 ad
576 1387 740 1454 caelestem
774 1387 1017 1455 beatitudinem
1050 1395 1226 1456 reservatae
1258 1390 1346 1454 inter
1378 1388 1471 1454 follia

246 1503 363 1558 naweet
419 1491 601 1556 resultavit.
649 1490 791 1557 Odorem
813 1497 973 1578 praeterea
1002 1491 1186 1557 hauserunt
1219 1497 1373 1569 astantes,
1397 1496 1471 1555 tsn-

246 1571 520 1690 fflgggffifquam
552 1591 661 1660 thuris
694 1593 831 1670 accensi,
853 1593 908 1658 vel
941 1593 1170 1679 pretiosissimi
1201 1593 1378 1680 flagrantis
1410 1611 1471 1655 un·

245 1694 554 1782 ommenauguenti;
577 1699 617 1758 ut
640 1694 697 1780 qui
721 1693 757 1758 in
779 1694 878 1760 odore
900 1715 1029 1759 mamm
1051 1694 1172 1760 nobilis
1202 1695 1239 1759 in
1261 1695 1334 1759 vita
1355 1694 1471 1775 firerat,

246 1773 389 1834 percavec.
421 1800 496 1882 post
517 1801 658 1860 mortem
680 1795 822 1870 nobilior
844 1800 1025 1881 appareret.
1073 1795 1218 1882 Populus
1248 1796 1352 1882 igitur
1373 1794 1473 1858 mira·

420 1897 480 1962 bili
503 1904 637 1984 stupore
665 1897 814 1964 discessit
845 1897 1018 1976 attonitus,
1042 1919 1120 1985 erga
1154 1898 1315 1968 Sanctum
1338 1895 1473 1962 Domini

420 2004 490 2064 tam
513 1999 635 2086 insigni
669 1999 781 2064 favore
815 2006 995 2086 prospecto,
1018 2021 1079 2066 nec
1112 2022 1253 2088 usquam
1287 2001 1345 2086 qui
1376 1999 1474 2064 aliter

248 2108 361 2188 Aaou,
420 2101 598 2187 inspiceret
635 2101 760 2166 lividus
797 2106 969 2187 supererat
1006 2101 1127 2168 oculus
1193 2102 1335 2192 Tantam
1372 2101 1473 2166 etiam

247 2175 376 2307 {Efflw
420 2203 547 2269 cunctis
582 2201 708 2268 infudit
739 2202 893 2268 laetitiam
927 2203 1052 2268 Divina
1085 2202 1269 2281 clementia,
1292 2203 1381 2288 quod
1414 2223 1473 2288 pro

420 2305 540 2370 humili
564 2305 700 2372 ecclesia
722 2305 890 2372 destructa
912 2306 1064 2370 rediviva
1086 2306 1329 2372 constructione
1352 2305 1474 2370 claram

421 2412 456 2471 et
478 2407 649 2484 excelsam,
672 2427 748 2472 cum
770 2405 834 2471 Dei
857 2412 892 2472 et
918 2406 1069 2492 praesulis
1092 2427 1151 2493 pro
1183 2413 1330 2492 tempore
1362 2405 1475 2492 praesi·

249 2528 352 2580 Sothat
422 2509 531 2574 dentis
554 2507 702 2584 auxilie,1
731 2509 855 2594 erigere
887 2508 1116 2593 promiserunt.
1163 2507 1218 2573 Sic
1249 2509 1353 2594 igitur
1386 2507 1473 2592 quod

249 2597 408 2714 ffifflff
420 2610 617 2677 credebatur
647 2609 867 2696 dispendium,
890 2610 1072 2674 remedium
1107 2609 1290 2695 reperitur;
1321 2613 1355 2674 et
1386 2608 1474 2694 quod

420 2712 603 2798 putabatur
625 2715 858 2796 consumptum
881 2717 916 2776 et
939 2711 1106 2788 amissum,
1134 2711 1305 2776 invenitur
1327 2731 1475 2795 assump-

420 2817 552 2878 tumet
583 2811 787 2877 restitutum.
833 2811 912 2876 Non
946 2816 998 2877 est
1029 2810 1133 2898 igitur
1166 2812 1342 2897 quisquam
1375 2831 1474 2876 ausus

420 2919 556 3000 tangere
573 2913 744 2979 Christum
767 2912 886 2990 Deum,
902 2903 959 2978 sed
982 2913 1127 2998 reposito
1149 2913 1259 2998 lapide
1283 2913 1340 2998 qui
1363 2912 1474 2998 lapsus

420 3017 537 3094 fuerat,
571 3036 688 3102 corpus
727 3015 953 3080 examinatum
991 3020 1026 3080 et
1063 3015 1239 3101 probatum
1277 3016 1314 3080 in
1351 3014 1475 3101 duplici

421 3116 546 3184 theca²
565 3117 644 3183 cleri
667 3122 701 3182 et
722 3117 837 3203 populi
860 3118 976 3182 votiva
998 3116 1131 3182 devotio
1154 3116 1323 3204 sigillavit.
1371 3117 1474 3202 Cujus

420 3226 534 3285 autern
555 3218 780 3285 consistentia}
802 3237 893 3282 nunc
914 3218 968 3294 sit,
991 3217 1092 3283 solius
1116 3217 1180 3283 Dei
1196 3217 1338 3304 pervigil
1361 3219 1474 3284 oculus

422 3321 580 3386 intuetur.
628 3319 702 3384 Hoc
724 3323 837 3384 autem
860 3317 1091 3386 indubitanter
1113 3319 1156 3383 ab
1178 3319 1292 3385 incolis
1315 3317 1419 3386 scitur
1441 3324 1476 3384 et

423 3422 606 3510 peregrinis
628 3421 777 3506 undique
802 3419 1053 3497 confluentibus,
1076 3420 1165 3505 quod
1187 3420 1228 3485 de
1258 3441 1349 3486 sacro
1371 3441 1475 3486 sarco·

424 3523 535 3610 phago
580 3523 689 3587 oleum
734 3542 799 3606 quo
846 3521 946 3585 u'nxit
986 3521 1134 3607 pugilem
1171 3541 1267 3585 suum
1305 3521 1477 3586 infernalis

425 3625 563 3690 claustri
585 3627 818 3710 propugnator,
841 3623 884 3688 ad
907 3643 1066 3688 caecorum
1089 3623 1209 3698 lumen,
1243 3623 1287 3688 ad
1319 3622 1477 3688 debilium

373 3806 376 3812 ,
425 3726 534 3806 robur,
546 3727 590 3792 ad
604 3726 752 3792 tristium
767 3724 1050 3818 exhilarationem,
1062 3725 1164 3811 juxta
1178 3725 1261 3790 illud
1275 3723 1476 3802 Daviticum‚

207 3905 212 3910 ,
425 3834 465 3894 ut
496 3827 657 3894 exhilaret
676 3825 807 3912 faciem
828 3847 922 3892 suam
946 3825 1022 3903 oleo,
1046 3833 1081 3891 et
1116 3826 1160 3891 ad
1193 3847 1355 3912 aegronrm
1389 3827 1623 3913 sani-pmii·

257 3937 409 4000 Moreover,
427 3937 539 4010 tatem,
572 3932 693 4019 saepius
727 3927 834 3998 effluit
864 3931 1079 3997 abundanter.
1127 3931 1226 3997 Omni
1258 3932 1361 4018 igitur
1387 3934 1476 4000 nube
1490 3931 1529 3980 ¹⁶·

255 4005 609 4122 tvliffllssfdubieuus
634 4034 772 4110 detersa,
795 4032 891 4098 laetus
922 4033 992 4098 dies
1015 4038 1050 4097 et
1083 4031 1181 4097 solito
1215 4032 1333 4099 clarior
1363 4033 1478 4100 illuxit

256 4137 372 4187 miracles
429 4135 626 4202 Eboracensi
663 4135 815 4201 ecclesiae.
873 4133 976 4200 Fama
1013 4135 1101 4199 enim
1139 4133 1254 4200 volatu
1292 4124 1478 4202 velocitatis

255 4204 398 4320 {mm
428 4237 567 4304 mirifica
589 4237 822 4304 miraculorum
837 4237 932 4313 facto,
949 4257 1008 4322 per
1030 4235 1101 4301 loca
1123 4235 1306 4322 longinqua
1325 4237 1478 4324 divulga·

256 4335 364 4386 famous.
428 4339 489 4416 vit,
512 4342 547 4403 et
572 4339 724 4404 miranda
754 4337 915 4404 mirandis
936 4337 1145 4404 succedentia
1166 4337 1210 4402 ad
1232 4357 1312 4403 vera
1334 4336 1479 4405 videnda

428 4439 589 4526 populum
610 4441 806 4506 invitarunt.

459 4639 513 4689 ¹A
536 4637 652 4688 valuable
668 4637 848 4690 architectural
865 4637 924 4688 lact
976 4636 1268 4690 choirwhichhadbecn
1277 4637 1377 4688 erected
1388 4636 1477 4688 within

425 4717 489 4769 This
500 4715 618 4780 explains
628 4715 686 4782 why
696 4715 716 4766 it
727 4731 780 4767 was
789 4730 925 4780 necessary
976 4733 992 4767 a
1002 4723 1110 4781 century
1121 4719 1156 4783 by
1167 4717 1280 4786 Thomas
1289 4715 1333 4767 the
1343 4717 1465 4767 Norman.

425 4797 466 4849 for
476 4795 627 4860 archhishop
640 4797 724 4860 Roget
734 4803 761 4846 to
771 4795 872 4846 rebuild
882 4795 924 4846 the
1009 4796 1020 4830 ²
1037 4795 1123 4863 tlara]
1141 4795 1226 4858 techa,
1236 4793 1294 4847 MS.
