3454 5816
446 880 510 944 466
689 893 855 942 srorssn
880 891 1056 942 narniens
1079 889 1276 939 csnomcns

462 1230 517 1296 DE
540 1247 719 1296 ORIGINALI
744 1246 969 1296 FUNDATIONE
991 1247 1119 1296 TEMPLI
1142 1246 1372 1298 nmuoroms
1400 1229 1518 1296 EBOR

276 1422 413 1476 abuuein
493 1407 745 1493 Occupaveraut
782 1412 906 1472 'autem
947 1407 1099 1472 Britones
1145 1407 1366 1474 Britanniam
1414 1407 1533 1480 istam,

275 1491 355 1544 M·
446 1516 547 1596 prout
568 1510 689 1596 legitur
710 1511 746 1574 in
768 1509 907 1575 historia
921 1511 1108 1589 eorundem,
1126 1532 1184 1596 per
1199 1527 1390 1576 mcccxxx.
1418 1529 1535 1574 annos

443 1619 521 1680 ante
543 1613 724 1679 adventum
748 1612 882 1690 Christi,
904 1614 984 1678 dum
1006 1636 1066 1678 rex
1089 1615 1200 1680 David
1222 1615 1258 1678 in
1280 1614 1303 1679 J
1305 1615 1421 1679 udaea
1455 1633 1534 1698 reg·

443 1713 561 1793 navit‚¹
584 1716 718 1801 quidam
741 1715 794 1780 vir
816 1722 969 1781 strenuus
1000 1717 1133 1782 nomine
1164 1717 1344 1794 Ebraucus,
1374 1715 1533 1801 quintus

445 1819 594 1884 aBruto
617 1839 684 1895 rex,
718 1817 874 1884 fundavit
897 1823 932 1884 et
965 1819 1152 1884 construxit
1173 1820 1348 1886 civitatem
1389 1817 1529 1882 Ebora·

446 1941 574 1985 oensem
612 1918 773 1984 illustrem
808 1925 843 1984 ct
874 1919 1049 1984 formosam
1062 1919 1092 2000 ;l
1116 1920 1234 1986 deinde
1272 1919 1451 2006 fundavit
1494 1923 1531 1980 et

447 2021 553 2087 erexit
576 2021 611 2086 in
634 2021 748 2086 eadem
771 2021 908 2086 civitate
932 2023 1094 2108 templum
1117 2023 1305 2110 metropole,
1321 2023 1527 2087 instituens

447 2125 484 2187 in
517 2123 632 2188 codem
666 2123 934 2201 archiflaminem,
972 2124 1030 2208 qui
1074 2125 1201 2190 caeteris
1239 2125 1447 2190 flaminibus
1489 2129 1528 2186 et

447 2224 608 2288 ministris
640 2230 794 2309 praeesset
823 2224 899 2309 jure
933 2245 992 2289 suo
1015 2230 1050 2290 et
1082 2225 1151 2290 ritu
1181 2223 1369 2312 phanatioo.
1426 2225 1524 2289 Pne-

448 2333 540 2392 terea
573 2326 742 2392 sciendum
765 2332 817 2391 est
840 2327 928 2412 quod
951 2325 1100 2390 fuerunt³
1125 2327 1161 2391 in
1193 2328 1259 2393 ista
1282 2329 1403 2392 eadem
1443 2327 1523 2390 Bri-

449 2429 566 2494 tannia
599 2429 722 2514 viginti
769 2434 841 2495 octo
882 2428 1034 2494 flamines
1073 2434 1107 2494 et
1141 2434 1209 2493 tres
1251 2429 1520 2504 archiflamines,

281 2543 369 2620 Three¹
450 2551 589 2618 quorum
610 2531 728 2594 ditioni
753 2531 862 2596 caeteri
886 2530 1054 2616 phanatici
1071 2531 1359 2596 submittebantur.
1406 2531 1521 2596 Sedes

280 2619 390 2736 ἓξὲξ
435 2655 528 2698 uero
562 2631 826 2698 archiflaminum
864 2633 900 2696 in
922 2633 1030 2697 trihus
1061 2633 1278 2697 nobilioribus
1307 2633 1518 2699 civitatibus

281 2741 399 2804 London,
449 2735 633 2800 Britanniae
655 2739 736 2800 tunc
758 2733 903 2811 fuerunt,
927 2735 1052 2802 scilicet
1075 2735 1262 2812 Londonr'is,
1289 2735 1458 2810 Eboraci,⁴
1482 2741 1519 2798 ct

281 2808 422 2926 ξὲζξῗεξζᾰ
449 2838 485 2902 in
507 2836 598 2903 Urbe
615 2837 816 2922 Legionum3
839 2839 873 2900 et
889 2835 936 2901 sic
950 2837 1005 2900 ille
1020 2836 1218 2923 gentilitatis
1241 2837 1325 2902 ritus
1348 2838 1516 2924 phanati-

449 2961 505 3004 cus
540 2936 756 3024 perduravit⁵
790 2937 825 3000 in
859 2936 950 3002 dicta
982 2937 1157 3002 Britannia
1187 2957 1246 3024 per
1279 2956 1355 3004 noc.
1389 2961 1516 3015 annos,

450 3041 485 3105 id
526 3045 576 3105 est
619 3039 662 3103 ad
699 3061 802 3105 annos
845 3039 933 3104 clxii.
957 3044 1032 3126 post
1069 3040 1327 3106 incarnationem
1364 3041 1513 3107 Domini

449 3142 553 3207 nostri
577 3140 681 3206 Jhesu
706 3140 831 3208 Christi
864 3141 1032 3227 usquead
1056 3143 1301 3228 tempusLuoii
1325 3143 1512 3209 Britonum

450 3245 535 3329 regis
558 3241 704 3308 illustris.

450 3506 504 3573 DE
536 3523 762 3573 FUNDATIONE
784 3524 954 3574 ECCLESIAE
977 3509 1216 3575 Enonncnnsls
1243 3527 1284 3575 ΕΤ
1306 3525 1507 3578 CONSECRA-

674 3625 779 3674 TIONE
801 3625 1063 3676 ARCHIEPISCOPI
1088 3627 1125 3676 IN
1149 3627 1276 3678 monn.

282 3795 353 3862 king
496 3775 680 3843 Britanniae
717 3775 844 3862 itaque8
882 3799 941 3842 rex
979 3777 1137 3864 praefatus
1162 3778 1284 3844 Lucius
1321 3779 1504 3858 lxxxviii¹⁸,

282 3863 379 3912 Lucius

282 3929 409 3992 baptizer.
450 3884 598 3964 ternpore
622 3901 687 3964 quo
720 3881 875 3964 regnavit
905 3880 1044 3945 audiam
1067 3885 1203 3946 caeteras
1225 3882 1376 3948 nationes
1399 3883 1503 3950 fidem

451 3980 576 4046 Christi
611 3981 797 4066 suscepisse,
822 3981 913 4046 misit
936 4003 993 4068 per
1026 3982 1139 4048 literas
1161 3983 1204 4048 ad
1236 4005 1355 4070 papam
1385 3985 1502 4052 Romae

451 4083 688 4161 Eleutherium,
712 4083 923 4149 undecimum
955 4090 1031 4169 post
1063 4085 1208 4162 Petrum,
1231 4092 1271 4150 ut
1303 4087 1374 4172 ejus
1405 4110 1502 4154 man·

451 4187 528 4252 dato
551 4186 782 4272 baptizaretur.
830 4185 937 4266 Quam
961 4209 1038 4252 vcro
1061 4189 1201 4272 gratiam
1225 4193 1276 4253 est
1298 4199 1500 4268 consecutus,

451 4294 485 4352 et
518 4288 564 4352 sic
594 4289 664 4373 ipse
702 4287 822 4352 Lucius
856 4309 931 4352 cum
965 4290 1127 4354 universis
1161 4289 1284 4376 regulis
1316 4291 1500 4359 Britannia*

451 4389 549 4454 fidem
574 4387 698 4453 Christi
733 4388 885 4474 suscepit,
909 4395 943 4454 et
974 4389 1132 4476 baptismi
1167 4398 1408 4458 sacramentum
1440 4417 1500 4481 per

484 4639 492 4671 ¹
509 4637 638 4703 recrevit]
658 4647 785 4704 regnaret,
797 4639 832 4689 A.
1034 4642 1043 4670 ⁴
1061 4641 1191 4709 Eboraci]
1211 4643 1333 4707 Eburum,
1346 4648 1381 4696 A.

483 4716 652 4782 ²fhrmosam]
673 4718 804 4780 famosam,
816 4717 850 4770 A.
1032 4719 1043 4752 ὅ
1058 4719 1220 4787 perduravit]
1241 4724 1399 4790 perderetur,
1412 4727 1446 4778 Δ.

483 4797 493 4830 ³
504 4795 626 4862 suerunt]
645 4795 747 4858 fuerint,
758 4797 793 4848 Α.
1032 4797 1042 4830 ⁶
1060 4799 1159 4866 itaqrre]
1180 4815 1297 4868 namque,
1309 4805 1343 4855 A.
