3586 5802
618 831 664 880 cr
685 829 788 881 nuos
811 830 881 880 run
904 829 1075 881 culmos.
1314 821 1379 884 219

328 1023 499 1104 tuaquom
525 1015 706 1103 relipa'oca’s
739 1021 769 1083 et
791 1015 948 1084 caritatis
981 1016 1162 1084 iouacmor
1184 1015 1380 1084 acclamatis.

329 1117 494 1200 Quocirca
516 1117 582 1186 tc'ba'
603 1117 815 1188 owmdomos
836 1124 877 1185 at
899 1117 939 1185 do
962 1124 1075 1186 coetero
1097 1117 1255 1186 bonorem
1277 1139 1383 1185 swam

328 1220 487 1288 micuere
523 1241 597 1288 coa
637 1242 839 1309 prosumus.
899 1220 941 1288 sa·
977 1227 1093 1288 cotem
1130 1219 1188 1288 lzoc
1230 1219 1533 1288 ceridiooSuehcon-

327 1322 492 1390 relatione
523 1344 638 1390 corsos
668 1344 769 1412 cares
800 1327 934 1389 costros
961 1321 1161 1410 pulsauerit,
1184 1329 1324 1408 contrua
1353 1301 1543 1431 ctffiffi

329 1431 401 1493 tom
433 1425 701 1494 maowdaratooa
731 1446 897 1492 masana
928 1447 1000 1492 ooo
1027 1427 1283 1516 preteribimus
1316 1425 1383 1492 ica
1396 1434 1538 1512 episcen-

325 1527 504 1616 perarma.
551 1529 629 1595 aas
652 1527 825 1606 coarcat,
849 1527 968 1595 ustus
990 1530 1124 1598 uaeas.
1396 1503 1493 1551 Μ·

373 1630 489 1696 Unum
527 1637 578 1697 est
616 1631 705 1716 quod
742 1629 923 1697 honoribus
961 1632 1117 1718 objicitur
1161 1630 1385 1718 improborum

329 1735 417 1820 quod
456 1734 550 1820 quasi
599 1732 811 1819 proverbium
850 1733 991 1799 dicitur:
1030 1735 1214 1801 “Honores
1251 1738 1386 1798 mutant

330 1844 346 1871 “
365 1835 496 1902 mores.”
542 1836 621 1902 Non
630 1836 726 1902 enim
749 1837 786 1900 in
808 1835 927 1901 melius
950 1837 1008 1903 sed
1030 1837 1067 1902 in
1089 1837 1234 1903 deterius
1256 1839 1385 1900 mutare

330 1938 456 2004 dictum
494 1943 553 2004 est.
600 1937 695 2004 Licet
731 1936 995 2024 archiepiscopus
1032 1944 1144 2005 noster
1181 1937 1384 2003 Willelmum
1397 1945 1508 2023 william

255 2115 258 2123 ¹
330 2040 427 2106 modo
450 2038 722 2106 Cantuariensem
756 2039 1048 2128 archiepiscopum,
1078 2041 1165 2107 sicut
1195 2041 1319 2105 bonum
1351 2013 1540 2144 etppppgeoby

329 2141 517 2228 religiosum
539 2141 694 2209 clericum
718 2145 752 2206 et
774 2141 976 2220 canonicum,
999 2147 1149 2221 amasset,
1172 2147 1207 2208 et
1229 2141 1330 2208 ditior
1352 2145 1518 2224 etelredto

331 2243 498 2330 potentior
530 2265 606 2309 eum
628 2243 824 2309 honorasset
836 2268 844 2324 ;
866 2248 901 2310 et
933 2243 998 2324 ille,
1022 2246 1110 2331 quod
1140 2245 1385 2331 praedecessoris
1398 2213 1550 2278 ffigh⁰ffi⁰²'

245 2396 248 2404 ,
330 2346 383 2410 sui
406 2346 576 2432 Radulphi
607 2346 844 2434 archiepiscopi
882 2368 1014 2415 oausam
1047 2349 1205 2414 adversus
1236 2369 1296 2413 nos
1326 2369 1385 2413 sae-

331 2449 406 2535 pius
428 2448 627 2535 improbans,
650 2453 798 2514 nostram
821 2470 891 2514 esse
918 2449 1046 2536 justam
1069 2449 1320 2536 comprobasset,
1343 2450 1386 2514 ad

332 2551 418 2617 hano
448 2555 619 2638 promotus
655 2551 793 2637 apicem,
831 2552 920 2637 quod
942 2551 1124 2637 plurimum
1157 2552 1259 2616 fuisse
1281 2551 1386 2637 ipsius

331 2652 466 2720 consilio
489 2658 524 2719 et
555 2653 748 2720 laudatione
780 2654 870 2740 apud
900 2675 1010 2740 regem
1033 2675 1094 2720 nec
1115 2653 1172 2719 ille
1195 2653 1387 2740 ignorabat,

331 2755 368 2820 in
402 2754 564 2842 exigendo
596 2760 709 2820 tamen
740 2755 828 2840 quod
858 2759 937 2820 ante
960 2754 1207 2840 improbaverat
1228 2755 1385 2841 perstitit,

333 2865 367 2925 et
399 2864 551 2926 nostrum
583 2859 703 2925 acriter
736 2857 812 2923 odio
834 2856 1015 2924 insectatus
1038 2862 1098 2935 est,
1121 2858 1209 2944 quod
1231 2877 1252 2924 a
1274 2858 1385 2923 defen·
1398 2875 1524 2928 nnsin’s

333 2961 440 3028 dendo
476 2983 545 3027 non
583 2960 713 3026 destitit
750 2959 809 3024 ubi
840 2980 930 3025 nunc
963 2961 1121 3045 temporis
1154 2979 1234 3026 vera
1270 2959 1386 3047 religio
1396 2945 1472 3059 ppulo
1487 3010 1511 3060 le

332 3063 442 3128 sedem
473 3062 603 3128 habeat.
664 3059 764 3127 Pauci
794 3059 892 3126 facile
918 3060 1086 3127 dinoscere
1118 3067 1256 3147 possunt
1289 3061 1386 3147 plura
1396 3025 1488 3127 ciuili

333 3187 407 3251 quae
440 3164 532 3230 fuere
565 3163 704 3228 adversa
737 3181 876 3247 quaeque
908 3162 971 3247 [in]
996 3162 1159 3249 scriptura
1192 3161 1258 3228 ista
1280 3142 1501 3228 coffinum.

332 3271 463 3344 nentur,
502 3263 559 3329 sed
596 3263 651 3328 vel
689 3261 855 3328 oblivione
892 3262 1070 3348 praeterita,
1117 3263 1171 3328 vel
1218 3269 1310 3329 metu
1353 3269 1388 3329 et

332 3369 433 3434 taedio
464 3365 667 3453 prolixitatis
699 3364 909 3444 intermissa3
932 3385 1073 3450 quorum
1107 3365 1255 3430 omnium
1290 3385 1389 3431 causa

332 3471 399 3536 fuit
429 3468 588 3534 indebitae
619 3467 831 3554 professionis
862 3465 989 3553 injusta
1012 3466 1149 3545 exactio,
1173 3468 1272 3534 etad
1295 3467 1388 3533 exhi·
1476 3457 1478 3460 ⁵

334 3576 479 3642 bendum
524 3577 641 3660 potens
689 3577 724 3638 et
760 3576 917 3658 proterva
954 3571 1088 3638 coactio.
1150 3571 1277 3640 Contra
1314 3594 1388 3659 quae

334 3676 541 3762 'Pur[stinus]
571 3673 836 3760 archiepiscopus
869 3693 929 3759 pro
960 3672 1150 3739 defensione
1172 3674 1226 3739 val
1258 3695 1388 3760 repara-

334 3781 424 3846 tione
447 3778 611 3844 libertatis
637 3777 729 3862 juste
752 3780 787 3841 et
808 3775 951 3841 viriliter
973 3775 1165 3841 reluctando
1188 3777 1388 3863 imperterri-

335 3889 389 3948 tus
412 3887 447 3948 et
469 3879 651 3945 indefessus
671 3877 827 3964 perstitit.
875 3877 972 3958 Quod
994 3877 1022 3942 si
1042 3877 1117 3963 quis
1132 3877 1175 3943 ad
1193 3877 1386 3944 vocabulum

335 3983 480 4050 alludere
511 3979 603 4057 velit,
626 4000 693 4044 non
731 3978 856 4064 injuria
888 3978 1064 4044 Turstinus
1102 3999 1222 4044 nomen
1259 3978 1387 4056 habuit,

336 4087 415 4174 quia
445 4089 560 4152 contra
588 4103 706 4170 graves
739 4083 884 4148 assultus
916 4071 951 4148 et
968 4083 1081 4169 jacula
1104 4089 1263 4168 tanquam
1285 4086 1387 4149 turris

335 4189 438 4255 stetit.

379 4291 464 4358 Haec
485 4293 599 4355 autem
621 4285 744 4353 idcirco
767 4285 891 4372 scripta
914 4307 984 4350 esse
1007 4285 1221 4366 decrevimus,
1245 4292 1285 4354 ut
1314 4312 1387 4377 pos·
1400 4297 1561 4357 incautum·

336 4394 398 4460 teri
421 4391 564 4460 ecclesiae
598 4393 721 4455 nostrae
755 4387 926 4474 pontifices
956 4391 991 4452 et
1022 4387 1130 4454 clerici
1163 4389 1216 4456 his
1251 4392 1309 4477 qui
1347 4366 1558 4488 defflffifft‘ffl

336 4494 487 4582 partibus
508 4493 631 4558 nostris
653 4489 848 4577 professioni
870 4487 948 4555 huic
971 4491 1214 4571 consentiendo
1235 4493 1290 4558 vel
1313 4505 1531 4559 con-countfor

337 4598 404 4662 silii
427 4595 626 4672 seductione,
649 4593 704 4658 vel
726 4593 816 4678 pacis
838 4613 958 4668 amore,
981 4591 1035 4657 vel
1058 4597 1233 4679 potestatis
1256 4601 1388 4674 terrore,
1401 4567 1544 4705 {ffiesffipf

337 4707 372 4768 et
394 4699 488 4766 exilii
511 4696 686 4764 formidine
709 4696 752 4762 ad
779 4699 910 4780 tempus
941 4702 1116 4774 cesserunt,
1139 4700 1234 4782 quasi
1257 4700 1388 4765 veniam
