3530 5790
384 882 449 945 314
733 895 931 944 canonican
955 895 998 944 or
1020 896 1090 944 ran

382 1089 515 1171 gentem
546 1083 730 1170 Anglorum
755 1106 813 1170 per
835 1085 1075 1170 praedicatores,
1106 1105 1188 1169 quos
1218 1083 1298 1148 illuc
1328 1083 1436 1148 direx-

383 1193 463 1264 erat,
486 1188 529 1252 ad
546 1185 716 1252 Christum
740 1207 930 1252 conversam
955 1209 1023 1252 esse
1047 1187 1175 1260 didicit,
1199 1186 1292 1250 misit
1315 1184 1436 1250 Sancto

383 1289 573 1374 Augustino
612 1289 768 1354 universa
797 1311 876 1378 quae⁸
909 1290 954 1354 ad
986 1289 1114 1354 cultum
1152 1309 1190 1352 ac
1228 1283 1436 1351 ministeria¹

384 1389 527 1454 ecclesiae
549 1389 748 1476 generaliter
770 1394 866 1455 erant
888 1387 1094 1465 necessaria,l
1116 1409 1206 1464 vasa,
1229 1387 1435 1461 vestimenta,

384 1497 578 1557 ornamenta
599 1492 824 1570 sacerdotalia,
848 1491 902 1556 rel
925 1491 1089 1558 clericalia
1110 1489 1315 1568 indumenta
1347 1491 1437 1576 Apo-

384 1594 542 1660 stolorum
580 1616 619 1660 ac
650 1593 837 1680 Martyrum
874 1593 1040 1678 reliquias,
1071 1614 1199 1659 necnon
1238 1598 1272 1658 et
1310 1591 1436 1658 codices

396 1700 552 1766 ilurimos

218 1801 359 1916 Gregpry's
385 1724 397 1786 l
432 1802 525 1867 Misit
548 1801 649 1866 etiam
672 1803 703 1866 ei
726 1799 785 1866 et8
808 1800 1028 1887 Privilegium
1051 1801 1087 1864 in
1109 1821 1175 1886 quo
1197 1801 1280 1864 duos
1303 1801 1436 1864 tantum

218 1869 290 1917 anr
303 1884 356 1932 Ψ·
386 1905 422 1966 in
456 1903 579 1990 Anglia
610 1903 884 1990 metropolitanos
921 1903 1101 1980 ordinavit,
1138 1903 1292 1988 ipsosque
1324 1900 1437 1978 officio,

387 2006 560 2092 dignitate,
584 2010 619 2070 et
650 2005 934 2092 suffraganeorum
964 2026 1102 2070 numero
1133 2025 1228 2090 parea
1260 2025 1329 2068 esse
1363 2023 1438 2068 con-

387 2107 520 2184 stituit3
549 2107 758 2192 qualiterque
782 2107 846 2194 ipsi
870 2107 957 2171 inter
981 2129 1016 2170 se
1039 2105 1287 2191 metropolitani
1302 2109 1439 2191 agerent

387 2211 539 2286 edocuit3
583 2208 741 2274 honorem
779 2231 910 2294 quoque
957 2209 1134 2294 dignitatis
1183 2207 1237 2272 vel
1273 2207 1439 2294 prioratus

220 2313 350 2393 tytionis
387 2315 552 2378 intereos
587 2312 622 2375 in
646 2312 761 2377 eodem
785 2311 966 2396 Privilegio
998 2311 1164 2374 distinxit,
1211 2309 1310 2390 Quod
1332 2308 1438 2374 Privi-

218 2387 366 2497 ffiedndtof
387 2416 509 2501 legium
542 2436 617 2480 cum
640 2415 768 2480 caeteris
791 2413 1055 2500 Apostolicorum
1080 2413 1269 2499 Privilegiis
1305 2413 1379 2477 ideo
1402 2415 1438 2476 in

219 2513 268 2564 this
281 2515 357 2564 work.
387 2519 473 2583 ealce
496 2517 595 2601 hujus
618 2517 765 2602 opusculi
789 2515 1036 2601 subscriptum⁴
1057 2521 1117 2593 est,
1133 2521 1173 2581 ut
1195 2515 1323 2582 facilius
1339 2515 1440 2580 lector

388 2619 606 2704 Privilegium
630 2619 783 2684 inveniat
799 2619 889 2704 quod
904 2617 1083 2702 quaesierit,
1110 2639 1185 2681 curn
1202 2616 1315 2680 omnia
1338 2616 1439 2680 simul

387 2728 464 2786 ante
488 2720 598 2786 oculos
621 2722 692 2785 sine
715 2720 959 2806 interruptione
982 2719 1091 2805 posita
1112 2719 1287 2783 invenerit.
1334 2719 1440 2804 Cujus

388 2823 558 2908 Privilegii
593 2823 794 2908 principium
818 2821 885 2886 tale
909 2828 961 2886 est
974 2821 1005 2885 :⁶
1040 2820 1125 2886 me
1155 2827 1284 2886 aerioma
1308 2819 1353 2884 cit
1373 2842 1439 2906 pro

391 2924 623 3010 omnipotenti
649 2923 717 2989 Deo
741 2921 984 2998 laborantibus,
1007 2927 1066 2988 etc.

391 3167 577 3248 Quanam
601 3182 671 3230 nnc
694 3181 862 3233 rantrarn
885 3180 1152 3230 oonsrrrunnns
1184 3181 1256 3230 non
1280 3164 1441 3232 Oleros-

525 3284 679 3332 runnsnn
703 3283 768 3332 sun
791 3269 1075 3334 Lurnosmrsm
1098 3265 1322 3334 rtonrrravrr.l

222 3432 338 3510 Gregory
436 3419 532 3498 Quod
548 3423 659 3482 autem
683 3419 718 3482 in
735 3418 849 3482 eodem
865 3417 1045 3504 Privilegio
1067 3419 1155 3483 inter
1175 3418 1441 3483 Lundoniensem

222 3497 350 3632 iffiege
391 3525 426 3585 et
472 3519 710 3586 Eboracensem
747 3519 1009 3606 archiepiscopos
1046 3521 1133 3586 hanc
1179 3519 1442 3606 metropolitane

222 3633 316 3682 named
392 3623 566 3709 dignitatis
613 3624 797 3708 paritatem,
836 3628 871 3686 et
908 3621 1042 3688 honoris
1086 3628 1187 3708 atque
1225 3621 1443 3688 ordinationis

222 3699 329 3814 {3¹23}
391 3725 656 3790 vicissitudinem
691 3725 815 3788 Beatus
850 3724 1027 3809 Gregorius
1058 3725 1279 3810 distinguens,
1313 3723 1441 3788 nnllam

222 3831 327 3881 canter-
390 3828 469 3893 fecit
501 3829 542 3893 de
565 3827 797 3892 Cantuariensi
832 3826 1041 3904 mentionem,
1065 3826 1127 3892 hoc
1161 3827 1197 3890 in
1219 3847 1319 3893 causa
1340 3827 1442 3891 fuisse

221 3898 358 4014 iffiffld
390 3952 470 4006 reor,
494 3929 582 4014 quod
605 3928 780 3993 Lundonia
812 3927 1027 4013 antiquitatis
1059 3929 1280 4014 praerogativa
1309 3928 1444 3993 nobilis-

221 4043 304 4079 muse.
390 4033 482 4109 sima,
498 4037 532 4096 et
554 4032 658 4096 totius
673 4029 864 4095 meridianae
880 4028 1064 4094 Britanniae
1086 4031 1128 4095 ab
1143 4035 1220 4094 ortu
1235 4031 1272 4094 in
1294 4049 1443 4096 occasum

425 4279 433 4310 ²
451 4276 601 4342 ministeria]
621 4274 750 4340 mysteria,
761 4274 795 4324 A.
814 4273 844 4324 O.
862 4275 892 4323 Ε.
942 4272 1007 4322 libro
1023 4273 1113 4337 primo,
1124 4274 1204 4354 'xxix
1216 4275 1339 4340 capitulo,
1350 4279 1396 4327 iar.
1409 4279 1435 4329 Δ

423 4357 434 4388 ²
451 4355 606 4420 necessaria]
627 4351 745 4404 videlicet
757 4354 801 4401 ias.
820 4352 848 4402 B.
860 4351 893 4401 D.
941 4352 972 4402 B.
985 4353 1018 4402 D.
1030 4353 1058 4402 F.
1072 4351 1105 4404 G.
1116 4374 1123 4412 ς
1140 4355 1213 4418 cutus
1224 4354 1351 4420 privilegii
1361 4365 1443 4420 tenor,

390 4437 420 4486 F.
434 4437 467 4486 G.
918 4444 920 4459 ¹
942 4431 998 4490 δια,
1011 4429 1049 4490 O„
1065 4431 1182 4482 followed
1193 4434 1288 4498 by-et
1299 4437 1334 4484 sic
1353 4435 1444 4500 incipit

427 4517 438 4548 ³
453 4513 490 4578 et]
511 4527 560 4562 om.
573 4513 602 4562 1².
942 4517 968 4559 et
980 4510 1099 4573 sequitur,
1111 4517 1136 4560 et
1147 4517 1186 4561 est
1198 4511 1256 4562 talis
1271 4513 1391 4581 (recidng
1401 4514 1444 4566 the

452 4589 630 4656 retemptans]
650 4589 782 4653 scriptum,
805 4588 839 4637 A.
863 4589 894 4637 B.
941 4588 1023 4638 whole
1034 4590 1194 4650 document).

392 4672 425 4722 D.
438 4672 468 4721 F.
480 4668 513 4720 G.
975 4668 986 4700 ⁶
1004 4668 1090 4730 Quare
1100 4666 1127 4717 in
1138 4667 1186 4719 hac
1198 4669 1305 4733 paritate
1322 4671 1444 4722 constitu-

425 4745 503 4799 ⁵talc
525 4748 575 4814 cat]
596 4747 667 4810 cujus
685 4753 759 4796 tenor
779 4743 896 4795 inseritur
942 4744 1223 4798 endaLundoniensem
1235 4762 1287 4797 non
1308 4748 1443 4799 cantuari·

393 4829 420 4880 in
431 4829 495 4880 libro
507 4827 584 4878 Beda
602 4827 633 4877 de
646 4825 730 4878 Gestis
742 4825 895 4892 anglorum,
942 4840 1028 4878 ensem
1038 4841 1104 4892 papa
1114 4825 1262 4888 nominarit,
1272 4827 1302 4878 C.
