3586 5802
430 870 493 934 184
585 883 734 934 nrsronr
757 881 801 932 or
824 880 918 932 roua
940 877 1178 932 aacnmsnors
1200 881 1244 932 or
1266 879 1365 932 roas

256 1085 396 1138 Arnuter
431 1094 499 1138 rem
522 1075 732 1158 paraverunt.
776 1072 818 1136 In
840 1070 991 1158 proximo
1014 1074 1085 1136 erat
1108 1069 1233 1137 Pascha
1254 1071 1291 1135 in
1325 1091 1390 1156 quo
1423 1089 1484 1135 rex

152 1255 157 1266 Ι
256 1149 579 1271 ζξζέξῇοἷῇαηοὶω
613 1173 811 1240 Silvanectis
844 1173 968 1240 curiam
1007 1193 1161 1260 magnam
1182 1171 1302 1238 habere
1334 1172 1477 1238 debebat

258 1286 386 1336 roboldo
432 1282 505 1340 turn
538 1297 597 1361 pro
631 1274 850 1352 solemnitate,
873 1280 947 1340 tum
970 1297 1030 1362 pro
1064 1275 1214 1340 filiosuo
1249 1274 1292 1342 ab
1323 1273 1484 1360 archiepi-

259 1357 368 1472 {mat
430 1377 536 1464 scopis
558 1384 593 1442 et
615 1378 775 1464 episcopis
802 1384 836 1443 et
859 1375 1036 1443 baronibus
1060 1377 1207 1444 Franoiee
1229 1376 1382 1442 facienda
1404 1377 1483 1442 fide·

429 1481 531 1545 litate.
579 1480 632 1544 lbi
655 1479 877 1545 Turonensem
900 1485 934 1544 et
957 1479 1190 1545 Belvacensem
1221 1479 1413 1545 conveniret
1442 1479 1483 1544 de

258 1582 395 1699 Turstipbe
429 1581 623 1668 proferendo
663 1582 776 1648 literae
813 1581 939 1647 domini
974 1603 1069 1668 papae
1100 1581 1143 1646 ad
1173 1602 1293 1668 regem.
1358 1581 1484 1647 Nolens

259 1665 367 1781 fffit,
415 1686 694 1773 'archiepiscopus
709 1691 844 1773 propter
866 1686 980 1751 odium
1003 1686 1090 1750 inter
1112 1707 1204 1770 reges
1230 1685 1280 1748 illi
1303 1685 1403 1751 curiae
1434 1687 1484 1750 in-

260 1786 307 1832 but
318 1790 418 1832 returns
431 1794 560 1866 teresse,
585 1810 651 1854 uno
675 1789 715 1854 de
739 1788 807 1852 suis
830 1787 948 1866 clerico
971 1808 1046 1853 curn
1068 1786 1178 1872 legato
1200 1785 1322 1868 relicto,
1347 1787 1417 1873 ipse
1439 1788 1483 1853 ad

145 1889 149 1896 .
260 1857 286 1898 to
298 1849 341 1899 the

260 1922 379 1966 countess
390 1914 420 1964 of
431 1891 632 1958 comitissam
663 1890 770 1955 rediit.
832 1889 917 1955 Onm
940 1909 980 1953 ea
1010 1889 1125 1954 diebus
1148 1887 1276 1974 aliquot
1306 1889 1483 1968 demorato,

259 1982 340 2032 3¹⁰¹*
432 1994 472 2058 de
507 1991 721 2058 conversione
753 1991 904 2068 dominae,
946 1997 982 2056 et
1018 1990 1163 2056 dexterae
1202 1990 1333 2056 Excelsi
1370 1991 1407 2056 in
1444 2015 1484 2059 ea

432 2095 617 2160 mutatione
641 2099 691 2158 est
713 2098 963 2170 contrectatum,
987 2092 1074 2178 quod
1104 2091 1203 2178 paulo
1234 2098 1310 2179 post
1342 2093 1408 2158 fuit
1441 2096 1484 2160 ad

261 2200 400 2278 nhemen-
433 2197 532 2262 finem
555 2199 707 2262 tractum.
753 2194 817 2259 Die
839 2193 974 2260 Paschae
1004 2194 1094 2280 apud
1118 2192 1309 2260 Columbies
1341 2195 1483 2280 primum

260 2268 404 2384 {¹32⁹ssss
434 2321 508 2365 eum
531 2298 632 2384 pallio
655 2297 823 2378 cantavit;
846 2297 946 2363 tertia
968 2296 1022 2362 die
1045 2297 1139 2362 venit
1161 2297 1204 2362 ad
1228 2302 1373 2362 castrum
1396 2299 1483 2383 quod

261 2401 305 2450 the
316 2399 410 2476 bishop
434 2400 592 2466 domnum
627 2399 810 2464 Martinam
844 2403 974 2479 vocant,
1009 2403 1043 2462 ct
1076 2399 1205 2485 legatus
1243 2399 1376 2464 obviam
1410 2399 1482 2481 illi;

261 2466 421 2584 ffiffff
435 2509 468 2568 et
491 2502 595 2568 relato
619 2503 708 2587 quod
730 2523 791 2568 neo
810 2500 1009 2566 Turonensis
1033 2521 1094 2566 nco
1118 2500 1327 2566 Belvaeensis
1349 2509 1484 2590 propter

261 2601 404 2716 plessai?
434 2604 557 2670 multas
587 2604 818 2690 occupationes
849 2609 883 2668 et
907 2602 1144 2689 impedimenta
1166 2603 1365 2689 legationem
1398 2606 1484 2674 hano

263 2674 421 2784 arm&
435 2712 564 2772 mature
587 2706 742 2792 perficere
765 2728 832 2771 non
862 2711 1024 2794 poterant,
1049 2705 1200 2791 deputati
1223 2712 1303 2770 sunt
1326 2706 1405 2774 huic
1426 2732 1482 2776 ne-

433 2809 523 2896 gotio
540 2809 606 2874 duo
628 2808 783 2894 religiosi,
799 2807 883 2874 alter
898 2807 1098 2894 regularium
1121 2807 1352 2873 canonicorum
1372 2811 1483 2892 abbas,

433 2911 517 2976 alter
539 2909 676 2974 alterius
700 2909 842 2974 ecelesiae
862 2909 965 2984 ‚Prion

261 3019 365 3070 Turstin
478 3013 569 3077 Dum
591 3014 638 3076 sic
659 3017 818 3098 ageretur,
843 3011 1104 3097 archiepiscopus
1127 3010 1170 3076 ad
1200 3011 1400 3080 comitissam
1434 3038 1484 3080 re-

262 3104 406 3218 paniss‘ffle
434 3137 555 3191 versus,
580 3137 652 3180 eam
674 3136 749 3179 cum
771 3113 846 3178 aliis
869 3113 1029 3198 episcopis
1051 3118 1086 3178 et
1107 3111 1284 3178 abbatibus
1315 3136 1419 3200 usque
1441 3120 1484 3186 ad

262 3221 422 3296 conpressos
434 3216 668 3282 Maroiniacum
693 3215 858 3301 produxit
907 3215 997 3296 Quae,
1020 3215 1139 3300 spretis
1162 3215 1273 3282 saeculi
1299 3216 1427 3284 divitiis
1451 3227 1485 3286 et

261 3287 406 3418 {mian
434 3319 572 3406 pompis
595 3318 642 3383 ibi
665 3318 817 3384 monialis
839 3318 955 3383 effecta
970 3323 1028 3383 est.
1074 3317 1149 3398 Qua
1171 3317 1313 3405 quidem,
1337 3321 1484 3388 testimo-

263 3419 403 3534 upeoephe
434 3422 490 3485 nio
513 3419 599 3506 regis
622 3419 785 3514 Ludovici
808 3425 842 3484 et
865 3419 1050 3506 principum
1074 3420 1178 3486 totius
1206 3419 1362 3500 Francia,
1393 3425 1485 3491 nulla

261 3493 322 3600 &011⁶
323 3493 388 3536 ἰθ
435 3518 637 3610 prudentior,
662 3545 723 3588 nee
754 3523 872 3588 melius
910 3523 1099 3609 composita,
1138 3545 1197 3590 nec
1235 3525 1341 3610 magis
1377 3527 1485 3594 virilis

262 3618 387 3733 licit-cha-
434 3626 556 3711 virago,
580 3648 622 3690 ex
646 3625 753 3690 multa
775 3631 863 3690 retro
885 3631 985 3690 aetate
1008 3624 1043 3688 in
1060 3630 1131 3690 tota
1154 3625 1263 3691 Gallia
1285 3627 1452 3694 extiterat.

262 3701 353 3736 facer.
477 3729 553 3814 Ipse
576 3748 654 3792 vero
687 3728 852 3812 quendam
885 3726 1039 3792 clericum
1074 3748 1170 3790 suum
1205 3728 1391 3814 reliquerat,
1426 3735 1483 3818 qui

431 3829 546 3893 audito
581 3829 661 3914 quid
690 3827 795 3892 literis
819 3829 943 3892 domini
967 3850 1062 3913 papae
1090 3851 1148 3892 rex
1171 3831 1399 3916 respondisset,
1434 3858 1484 3902 re-

431 3931 548 3995 deunti
571 3931 634 3995 sibi
658 3928 873 3995 renuntiaret.
922 3929 1034 3995 Abbas
1057 3935 1092 3994 et
1107 3930 1201 3994 Prior
1223 3931 1335 3999 literas
1359 3935 1481 4002 domini

431 4055 525 4118 papae
550 4033 619 4118 regi
643 4032 837 4108 retulerunt,
862 4031 981 4116 quibus
1004 4033 1093 4117 quod
1116 4033 1163 4097 eis
1185 4033 1372 4120 injunctum
1405 4047 1484 4118 erat,

432 4140 466 4200 ct
488 4135 575 4220 quod
599 4134 663 4198 sibi
687 4134 796 4198 visum
827 4137 878 4197 est
900 4139 1057 4219 oportere,
1081 4135 1323 4206 rationabiliter
1352 4143 1484 4229 supple-

433 4242 560 4302 verunt
608 4235 730 4300 Earum
753 4234 941 4321 exemplum
964 4240 1015 4300 est
1036 4235 1106 4304 hoo.
