3582 5798
447 899 490 960 50
723 911 904 961 amioum
926 912 1048 960 saucrr
1072 911 1228 960 oswsunr

278 1109 333 1158 'she
341 1108 435 1158 author
446 1093 576 1162 fiduoiae
598 1096 635 1159 in
657 1099 690 1160 te
714 1095 765 1160 tui
788 1093 900 1162 oerto¹
923 1101 1048 1182 queant
1073 1097 1195 1162 habere
1218 1097 1400 1184 designant.
1448 1097 1498 1161 Tu

279 1182 392 1304 iffi*
447 1199 570 1262 etenim
608 1198 773 1284 quondam
812 1198 974 1264 velamine
1020 1200 1127 1264 earnis
1165 1204 1299 1286 opertus
1337 1200 1500 1266 daemones

281 1307 392 1360 Osvald·
448 1302 584 1366 territus
628 1303 664 1366 in
702 1302 815 1388 fugam
854 1302 1049 1388 oompulisti.
1111 1302 1163 1366 Tu
1200 1303 1350 1368 homines
1387 1300 1500 1368 terra2

449 1406 597 1492 marique
620 1427 641 1470 a
664 1405 802 1470 diversis
816 1391 1003 1490 ¹perieulis³
1025 1406 1210 1492 protexisti,
1235 1411 1274 1472 tu
1297 1407 1378 1472 alios
1401 1411 1436 1471 et
1458 1407 1501 1470 ab

448 1509 548 1594 bujus
570 1509 650 1573 vitae
673 1509 837 1585 aerumnis,
860 1513 895 1572 et
925 1508 968 1572 ab
1002 1508 1138 1573 alterius
1173 1509 1253 1574 vitae
1276 1507 1383 1595 poenis
1406 1509 1501 1572 mise-

449 1617 541 1676 ratus
572 1611 732 1698 eripuisti,
754 1617 794 1674 ut
826 1611 967 1696 deniqne
1002 1611 1038 1674 in
1069 1612 1222 1676 omnibus
1254 1618 1289 1678 et
1311 1634 1369 1698 per
1391 1611 1502 1676 omnia

449 1713 519 1778 Deo
551 1713 678 1798 plaeere
711 1711 879 1788 studuisti,
902 1722 937 1776 et
973 1712 1016 1776 ad
1051 1711 1137 1776 Eum
1172 1713 1259 1777 falioi
1290 1735 1388 1778 eursu
1422 1712 1502 1778 felix

448 1816 589 1880 nimium
623 1815 794 1902 pervenire
832 1815 990 1878 meruisti.
1036 1813 1086 1880 Ao
1117 1821 1157 1879 ut
1188 1815 1229 1880 de
1261 1817 1399 1901 perenni
1432 1815 1504 1879 vita

449 1923 509 1982 tua
532 1923 566 1981 et
589 1916 629 1981 de
652 1921 777 1982 aeterna
798 1915 903 2002 gloria
924 1915 1130 2002 gloriosaque
1153 1918 1303 2002 potentia
1326 1923 1386 1982 tua
1408 1939 1503 1981 nemo

450 2019 606 2103 ambigat,
628 2040 723 2084 nemo
756 2023 938 2095 cunctetur,
960 2040 1049 2083 nuno
1071 2019 1176 2084 febres
1199 2020 1302 2098 sedas,
1324 2041 1414 2086 nuno
1436 2041 1505 2084 ear-

450 2142 508 2184 nes
546 2119 706 2184 humanas
754 2120 839 2185 ferro
882 2142 995 2186 exesas
1032 2121 1169 2187 sanitati
1207 2122 1379 2198 condonas,
1418 2143 1506 2185 nune

451 2223 598 2286 membra
628 2222 681 2286 vel
715 2222 859 2308 paralysi
891 2223 1051 2288 dissoluta
1084 2223 1138 2289 vel
1172 2223 1263 2310 lepra
1285 2229 1440 2310 eorrupta
1471 2224 1506 2286 in

451 2331 575 2390 statum
610 2326 662 2389 sui
684 2325 849 2402 reformas,
873 2325 1004 2410 tuisque
1028 2347 1086 2412 per
1108 2325 1180 2392 haee
1202 2327 1363 2394 immensa
1384 2326 1506 2413 gaudia

286 2464 409 2514 essuos
451 2433 595 2513 praestas.
636 2426 722 2491 Sane
745 2427 826 2512 quid
850 2427 933 2512 signi
950 2427 1013 2494 hoo
1035 2429 1227 2513 portendere
1244 2429 1395 2506 volueris,
1419 2427 1507 2513 quod

284 2529 432 2646 f‘vflessegff
452 2529 636 2615 absumptis
668 2529 704 2592 in
736 2535 824 2594 terra
857 2529 1010 2594 oarnibus
1044 2531 1121 2608 tuis,
1144 2535 1178 2595 et
1208 2531 1286 2596 solis
1317 2530 1444 2596 ossibus
1471 2531 1506 2594 in

285 2613 429 2726 ffliffied,
453 2632 649 2698 substantiae
673 2653 740 2696 suae
764 2631 924 2718 qualitate
947 2632 1078 2709 relictis,
1105 2633 1271 2718 planetam
1296 2655 1362 2719 qua
1388 2634 1507 2698 vestie-

454 2735 542 2802 baris
575 2735 734 2800 intactam
766 2733 993 2820 illibatamque
1027 2735 1218 2814 servaveris,
1250 2735 1356 2802 fateor
1394 2757 1507 2802 sensus

455 2838 519 2902 mei
553 2838 699 2906 tenuitas
734 2857 848 2922 capere
875 2838 998 2922 nequit.
1045 2837 1086 2902 In
1110 2859 1175 2922 quo
1198 2838 1233 2902 id
1255 2860 1350 2926 mage
1373 2844 1507 2924 stupen-

455 2941 535 3005 dum
575 2939 736 3016 existimo,
771 2940 859 3024 quod
900 2945 1019 3005 caetera
1061 2941 1204 3026 eorporis
1241 2941 1437 3006 indumenta
1474 2947 1508 3006 et

456 3043 562 3128 ipsum
586 3063 703 3128 eorpus
727 3041 812 3106 infra
834 3041 926 3106 illam
952 3041 1167 3119 habebantur,
1190 3049 1225 3108 et
1248 3049 1359 3109 tamen
1381 3045 1509 3110 oaeteris

456 3147 492 3209 in
524 3145 693 3231 pulverem
720 3145 870 3223 redactis,
893 3145 965 3230 ipsa
987 3145 1200 3231 integerrima
1221 3167 1357 3212 manens
1380 3147 1509 3232 pulveri

288 3264 664 3334 'Phineum-nequaquam
696 3246 762 3310 fuit
793 3247 944 3312 obnoxia.
991 3246 1111 3312 Casula
1141 3248 1255 3313 eadem
1278 3249 1314 3313 in
1336 3249 1510 3314 secretario

289 3330 429 3449 ffieefassffll
457 3350 666 3436 Wigornensi
697 3354 855 3426 servatur,
880 3356 914 3414 et
950 3350 993 3414 ad
1026 3350 1135 3414 Missae
1170 3349 1311 3416 officium
1349 3373 1425 3416 oum
1458 3345 1510 3415 res

289 3468 444 3525 worcester,
457 3453 562 3538 exigit
589 3452 869 3552 subministratur.
916 3451 981 3516 Res
1014 3457 1095 3517 nota
1125 3457 1194 3532 est3
1223 3474 1320 3518 nemo
1353 3453 1509 3539 ambigat.

289 3531 436 3650 ffiffi„
458 3557 533 3642 Ipse
555 3577 624 3622 eam
650 3555 729 3630 vidi,
753 3559 787 3619 et
810 3555 846 3618 in
868 3554 1020 3618 manibus
1044 3558 1167 3632 tenens,
1191 3554 1357 3620 mirabilia
1380 3556 1441 3620 Dei
1476 3561 1511 3619 et

291 3681 350 3716 seen
362 3666 416 3742 and
457 3658 650 3724 admiranda
673 3657 791 3722 merita
813 3657 908 3732 Beati
928 3656 1075 3722 Oswaldi
1097 3657 1195 3722 amici
1218 3656 1281 3722 Dei
1304 3679 1371 3724 non
1394 3679 1510 3744 parum

289 3731 438 3782 sanuses.
458 3761 597 3826 miratus
620 3760 740 3846 expavi

290 3885 439 3936 Theseus-
505 3867 534 3930 5.
558 3863 738 3949 Postquam
761 3868 874 3927 autem
897 3862 1128 3927 saeratissimae
1151 3862 1199 3948 pii
1221 3863 1325 3947 patris
1363 3861 1510 3928 Oswaldi

290 3953 408 4070 {gflffi
459 3967 606 4052 reliquiae
644 3967 805 4041 decenter,
839 3970 878 4028 ut
915 3965 1069 4041 diximus,
1107 3965 1277 4031 translatae
1316 3973 1404 4048 sunt,
1442 3969 1511 4052 ipse

290 4089 325 4150 by
336 4102 414 4151 many
459 4077 553 4158 pater
590 4071 677 4136 idem
714 4069 751 4132 in
788 4066 983 4132 exhibendis
1020 4067 1186 4132 miraculis
1218 4069 1275 4152 qui
1307 4073 1406 4134 antea
1444 4092 1511 4135 esse

291 4153 414 4204 abactas.
458 4175 584 4242 solebat
617 4177 731 4260 postea
762 4171 889 4248 claruit,
912 4192 972 4236 nee
1003 4170 1182 4256 requisitus
1212 4171 1322 4236 insitae
1353 4172 1417 4236 sibi
1444 4175 1511 4259 pie·

459 4277 540 4343 tatis
575 4297 674 4362 opera
706 4295 854 4338 exercere
888 4273 1082 4358 postposuit.
1130 4272 1278 4351 Quorum
1310 4275 1426 4339 modus
1459 4275 1511 4340 vel

460 4399 616 4459 numerus
646 4381 790 4462 quantus
812 4376 865 4452 sit,
896 4375 958 4440 snb
980 4375 1104 4439 nullius
1127 4374 1275 4440 mortalis
1298 4375 1448 4453 bominis,
1474 4383 1513 4441 ut

461 4487 608 4558 autumo,
630 4479 801 4545 seientiam
835 4477 991 4554 caditat
1024 4499 1063 4543 ea
1096 4499 1131 4542 re
1165 4477 1206 4542 de
1240 4477 1307 4542 illis
1343 4480 1513 4564 aptissime

461 4582 600 4650 seribere
622 4581 682 4646 vix
705 4579 801 4659 ullus,
824 4580 925 4644 immo
947 4579 1068 4656 nullus,
1091 4579 1187 4644 stilus
1209 4580 1369 4644 admittit.
1414 4582 1462 4648 At
1486 4584 1514 4646 si

495 4785 503 4818 ¹
521 4784 603 4851 certo]
622 4799 668 4848 pro
680 4790 756 4844 certo,
767 4784 799 4834 B.
1043 4783 1054 4816 ³
1072 4798 1089 4830 a
1112 4783 1218 4833 diversis
1242 4779 1374 4848 malis]
1406 4783 1516 4834 adversis

494 4865 505 4898 2
523 4863 607 4928 terra]
627 4869 709 4922 terroe,
720 4863 751 4912 B.
1011 4862 1136 4927 perieulis,
1148 4865 1178 4916 Β.
