3410 5840
431 884 496 946 520
760 869 762 874 ’
800 925 803 930 -
854 893 1040 943 sensuum.

431 1083 551 1149 verlaei
567 1090 601 1148 et
624 1081 738 1148 Sancti
762 1081 908 1146 Wilfridi
925 1083 964 1146 de
981 1081 1095 1166 Ripun
1117 1081 1275 1166 plurimas
1289 1075 1495 1164 praebendas

263 1201 414 1317 &promis
431 1188 516 1252 fecit.
564 1189 662 1251 Anno
686 1186 869 1250 Dominicae
902 1185 1143 1250 Inearnationis
1173 1193 1334 1258 M⁰Lx⁰vu,
1359 1181 1401 1246 in
1438 1180 1495 1244 die

299 1285 306 1316 l
328 1285 376 1317 lam
406 1305 412 1316 .
432 1291 465 1354 N
468 1301 503 1355 ab

504 1291 632 1354 ivitatis
648 1289 792 1364 Domini,
808 1289 865 1374 qui
882 1288 939 1352 illo
961 1311 1048 1353 enno
1072 1289 1104 1351 ii.
1121 1287 1202 1352 feria
1218 1287 1339 1366 evenit,
1356 1283 1494 1351 Willel-

433 1415 506 1456 mus
530 1392 599 1456 dux
623 1383 890 1455 Normannorum
913 1390 950 1452 in
963 1412 1073 1474 regern
1096 1389 1279 1476 Anglorum
1301 1390 1345 1455 ab
1369 1388 1494 1453 eodem

432 1495 577 1559 Aldredo
623 1493 804 1558 venerabili
857 1492 1100 1580 archiepiscopo
1145 1493 1404 1558 Eboracensirnn
1457 1493 1494 1556 in

434 1596 725 1662 westmonasterio
766 1594 941 1659 honorifice
988 1599 1194 1660 consecratus
1236 1601 1271 1659 et
1308 1599 1494 1661 coronatus

433 1705 491 1775 est,
524 1699 622 1784 prius,
657 1703 697 1762 ut
734 1697 821 1762 idem
855 1695 1067 1783 archipraesul
1098 1709 1138 1762 eh
1167 1726 1201 1763 eo
1235 1708 1381 1779 exigebat,
1408 1703 1492 1763 ante
1506 1695 1591 1744 0¹³⁰st

432 1790 536 1854 altare
559 1787 673 1854 Sancti
697 1787 786 1852 Petri
802 1789 953 1874 Apostoli
969 1817 1064 1854 coram
1080 1800 1156 1855 clero
1181 1805 1211 1854 et
1233 1800 1341 1870 populo
1372 1796 1491 1868 jureju-
1504 1763 1527 1878 ξ
1522 1763 1576 1876 42⁰⁸
1587 1777 1600 1822 p
1602 1798 1606 1807 '

432 1889 523 1942 raudo
545 1879 741 1964 promittens
764 1901 798 1942 se
822 1877 906 1944 velle
930 1894 1044 1943 sanctas
1067 1889 1123 1944 Dei
1145 1890 1279 1946 eeclesias
1303 1908 1336 1944 ac
1359 1893 1492 1944 rectores

433 1998 532 2033 earum
571 1969 752 2047 defendere,
790 1997 904 2032 necnon
935 1985 965 2033 et
1002 1986 1139 2034 cunctum
1177 1980 1318 2052 populum
1341 1979 1398 2033 eibi
1424 1977 1493 2031 sub-

430 2068 541 2138 jectum
572 2067 651 2138 juste
683 2086 717 2122 uc
751 2068 843 2137 rogali
876 2067 1059 2138 providentia
1089 2081 1211 2146 regere,
1243 2065 1361 2124 rectam'
1389 2069 1491 2138 legem

434 2155 579 2216 statuere
603 2153 637 2212 et
659 2153 779 2224 tenere,
811 2158 929 2228 rapinas
962 2157 1128 2231 injustaque
1159 2157 1272 2228 judicia
1294 2159 1415 2230 penitus
1438 2149 1492 2210 in-

434 2251 599 2314 terdicere,
646 2250 688 2312 ln
734 2251 839 2334 primo
884 2271 962 2316 vero
1008 2249 1112 2338 auno⁴
1139 2257 1304 2336 aequente,
1334 2251 1399 2316 hoa
1439 2253 1491 2314 est

434 2364 619 2430 M⁰nx⁰vssr⁰‚
672 2351 869 2416 Mahtildem
907 2353 1114 2431 comitissam,
1160 2375 1297 2421 uxorem
1336 2353 1487 2438 ejusdem

435 2452 479 2506 sui
493 2442 650 2506 Willelmi
662 2441 861 2519 duola,idem
874 2442 1087 2528 archipraesul
1109 2453 1155 2508 die
1179 2454 1362 2508 Pentecosten
1385 2453 1420 2506 in
1444 2467 1488 2506 re-

434 2541 534 2611 ginam
566 2542 752 2596 consecravit.
802 2531 867 2597 Hic
898 2553 985 2596 anno
1010 2539 1194 2598 n⁰Lx⁰1x⁰et
1222 2543 1489 2614 archiepiscopatus

434 2632 524 2700 x⁰iii⁰,
547 2631 612 2685 idus
645 2629 832 2702 Septembris,
857 2631 928 2685 serio
958 2631 999 2697 ri,
1023 2637 1057 2686 ut
1087 2632 1182 2687 Deum
1204 2638 1367 2702 rogaverat,
1391 2633 1487 2688 vitam

435 2722 541 2786 finivit,
566 2728 595 2775 et
618 2721 649 2774 in
672 2721 791 2774 ecclesia
816 2720 916 2774 Sancti
940 2721 1019 2776 Petri
1043 2712 1254 2778 Eboracensis
1276 2724 1407 2794 sepultus
1432 2727 1486 2777 est.

267 2813 379 2864 'rhomes
391 2813 413 2864 1.
480 2812 541 2864 Rex
564 2829 632 2866 vero
655 2822 742 2866 anno
766 2811 900 2878 M⁰Lxx⁰,
923 2801 976 2864 die
1009 2801 1223 2879 Pentecostea
1242 2804 1332 2888 apud
1348 2803 1486 2867 Winde-
1498 2823 1576 2887 Hugh,
1586 2837 1603 2884 p.

435 2891 574 2968 theram,
591 2900 670 2954 dedit
692 2899 971 2970 archiepiscopatum
995 2901 1110 2956 cuidam
1126 2902 1275 2972 capellano
1298 2920 1360 2968 suo,
1377 2901 1486 2957 clerico
1498 2898 1534 2942 ⁹⁹·

435 2991 552 3060 quidem
588 2990 725 3059 eleganti,
761 2995 791 3043 et
821 2989 948 3060 plurima
981 2990 1103 3045 scientia
1134 2992 1267 3062 pollenti,
1301 2993 1425 3047 honesto
1458 2996 1488 3046 ct

434 3079 594 3137 honestatis
626 3079 729 3143 amico,
766 3079 884 3133 Thomna
918 3075 1084 3136 Baiocensis
1125 3081 1254 3137 eeclesia
1293 3082 1486 3144 thesaurario,

435 3168 517 3238 cujus
549 3168 679 3223 scientiae
711 3172 741 3222 et
772 3168 932 3223 honestatis
963 3175 993 3224 et
1026 3171 1182 3239 elegantiae
1223 3172 1402 3242 preconium
1437 3187 1488 3244 per

435 3275 534 3312 omnes
558 3257 719 3312 Galliarum
734 3258 898 3329 provincias
921 3263 951 3312 et
967 3259 1052 3329 longe
1074 3260 1153 3314 ultra
1167 3261 1302 3332 frequens
1323 3261 1486 3316 resonabat.

437 3337 503 3417 Qui
526 3338 639 3402 eodem
663 3359 750 3402 anno
787 3361 808 3402 a
845 3338 1025 3406 Lanfranoo
1061 3338 1293 3406 Oantuariensi
1326 3341 1488 3428 arehiepi-

436 3461 532 3526 scopo
571 3446 621 3504 est
659 3446 873 3516 consecratus,
908 3441 942 3506 et
972 3442 1015 3506 ab
1052 3441 1190 3508 Urbano
1223 3465 1310 3530 papa
1346 3443 1486 3530 pallium

436 3543 569 3628 accepit.
617 3549 737 3619 Quando
771 3565 850 3607 vero
892 3552 1171 3625 archiepiscopatum
1209 3556 1345 3627 suscepit,
1380 3561 1487 3610 cuneta
1498 3565 1533 3614 Id.
1543 3577 1575 3626 pp.

436 3641 536 3696 hostili
567 3642 729 3696 vastatione
762 3647 875 3696 uaatata
911 3646 941 3696 et
978 3642 1152 3714 depopulata
1190 3644 1312 3700 invenit.
1358 3645 1401 3700 De
1433 3645 1485 3699 vii.
1499 3635 1572 3683 1⁰7·⁸'

437 3733 593 3796 canonicis,
617 3750 677 3785 non
700 3722 787 3784 enim
811 3731 908 3802 plures
932 3732 1057 3798 fuerant,
1080 3733 1123 3788 iii.
1148 3733 1179 3789 in
1212 3733 1341 3800 civitate,
1364 3735 1487 3790 ecclesia

438 3821 594 3876 combusta
608 3826 638 3876 et
654 3821 810 3885 destructa,
820 3821 956 3892 repperit.
988 3821 1105 3893 Reliqui
1120 3814 1252 3880 illorum
1267 3825 1374 3880 mortui
1390 3831 1485 3890 eraut,

269 3924 387 3973 'rhomae’
439 3910 484 3965 vel
506 3917 587 3964 metu
609 3915 640 3964 et
662 3910 838 3965 desolatione
862 3910 979 3966 exulati.
1037 3913 1175 3968 Ecclesia
1208 3931 1277 3968 vero
1299 3910 1500 3986 monoperae,

268 4000 351 4084 great
437 4006 467 4054 ct
486 3999 570 4070 juxta
593 4001 761 4054 facultatem
784 4017 866 4054 suam
889 4006 1051 4067 restructas,
1066 4002 1219 4058 canonicos
1241 4021 1313 4075 quos
1335 4004 1489 4061 invenerat

267 4058 415 4173 Je‘ssglr‘gffl
436 4091 574 4155 restituit,
606 4089 748 4160 dispersos
770 4091 926 4156 revocavit,
949 4091 986 4144 ad
1009 4091 1071 4146 Deo
1095 4093 1279 4148 serviendum
1306 4099 1336 4150 et
1357 4095 1488 4150 eeclesias

268 4190 348 4239 York.
437 4181 549 4251 aliquos
571 4179 694 4246 addidit,
717 4180 901 4234 refectorium
925 4181 1026 4236 refecit
1048 4187 1077 4236 et
1100 4182 1313 4240 dormitorium.
1368 4184 1489 4255 Praepo·

437 4269 526 4323 situm
564 4269 716 4324 constituit
749 4269 800 4340 qui
844 4269 956 4324 caeteris
996 4277 1141 4342 praeesset,
1176 4278 1206 4327 et
1239 4291 1287 4328 eos
1310 4279 1489 4346 procuraret.

436 4359 531 4414 Vilius
554 4361 665 4429 aliquas
688 4364 718 4414 et
740 4365 831 4415 terras
853 4364 883 4412 et
906 4360 1040 4414 ecclesias
1063 4361 1153 4426 dedit,
1177 4368 1207 4416 et
1229 4362 1266 4417 ab
1289 4364 1355 4420 aliis
1377 4363 1490 4420 ablatas

436 4449 572 4503 reddidit.
631 4449 761 4503 Plurima
804 4449 838 4502 de
882 4467 933 4504 suo
988 4451 1104 4521 proprio
1147 4451 1295 4507 canonicis
1328 4455 1491 4510 necessaria

436 4539 677 4592 amministrabat.
724 4537 952 4594 Archidiaconos
976 4554 1089 4610 quoque
1111 4541 1256 4612 sapientes
1279 4547 1308 4598 et
1331 4541 1490 4598 industrios

435 4619 523 4682 viros
546 4645 597 4698 per
620 4628 769 4683 dioeccsim
804 4627 913 4683 divisit.
960 4630 1026 4700 Ipse
1058 4647 1126 4684 vcro
1152 4623 1192 4686 de
1227 4631 1304 4688 dono
1335 4633 1413 4704 ragis
1435 4633 1489 4687 ali-

436 4718 574 4787 quamdiu
606 4717 691 4772 villas
725 4718 828 4772 habuit
859 4717 918 4784 xii,
943 4736 1014 4789 quas
1056 4719 1218 4776 Aldredum
1250 4723 1489 4794 praedecessorem

436 4824 520 4861 suurn
544 4807 577 4862 de
601 4807 786 4877 ll'igornensi
810 4810 976 4879 episcopatu
999 4809 1054 4863 sibi
1086 4812 1239 4868 retinuisse
1254 4812 1488 4885 ,supradiximua
