3410 5840
409 898 475 960 498
833 907 1019 956 heresum.

412 1111 431 1136 ‘⁵'
458 1111 578 1165 antistes
638 1107 835 1171 Eboracensis,
869 1111 898 1161 et
946 1106 1097 1161 reverendi
1139 1105 1265 1169 abbates,
1300 1103 1475 1166 'lidbertus

413 1203 431 1224 ‘⁶
458 1201 618 1263 Betwinus,
657 1198 806 1261 Albertus,
832 1196 971 1267 Sigredus
1005 1201 1092 1266 atque
1114 1195 1315 1264 Wildeugus.’'
1351 1195 1401 1248 Ex
1427 1193 1476 1246 his

413 1307 512 1344 servus
536 1289 590 1343 Dei
614 1288 828 1359 omnipotentis
851 1287 991 1356 gaudeus,
1007 1286 1164 1356 hilarisque
1179 1285 1309 1349 eflectus,
1324 1289 1476 1358 repertae-
1658 1259 1660 1326 l

414 1398 468 1450 qne
491 1365 628 1450 reliquias
651 1378 713 1432 loeo
737 1377 854 1432 iuterim
877 1382 944 1447 apte
967 1375 1128 1430 collocarit.

653 1603 860 1668 Cirrruuun
885 1602 1228 1682 Qurnrunuucmrm.

461 1778 647 1834 Postmodum
683 1795 750 1832 vero
774 1777 811 1832 ad
842 1795 945 1849 cerpus
978 1777 1078 1833 Sancti
1101 1779 1230 1834 Wilfridi
1262 1780 1367 1834 feretro
1403 1797 1476 1834 con·
1492 1785 1597 1842 Eudae,

416 1872 567 1926 venienter
589 1873 697 1939 aptato,
724 1867 799 1922 illud
822 1867 852 1922 iu
876 1885 909 1921 eo
932 1885 1039 1938 magna
1062 1886 1128 1923 cum
1151 1871 1312 1924 reverentia
1334 1869 1477 1924 condidit
1491 1856 1602 1915 ppel-u,

416 1965 516 2032 utpote
552 1977 638 2030 quem
671 1975 778 2027 magne
801 1957 937 2012 wilfrido
971 1958 1117 2012 fundatori
1140 1958 1276 2014 videlieet
1307 1960 1361 2013 loci
1387 1959 1477 2014 illius

416 2049 667 2118 consanguinitate
688 2047 823 2118 junctum
839 2053 977 2112 noverat3
1001 2065 1086 2119 quem
1110 2047 1139 2102 in
1156 2040 1314 2125 regimine
1337 2049 1475 2104 ecclesiae

418 2140 614 2200 Eboracensis,
632 2139 707 2191 sient
721 2137 902 2194 Venerabilis
919 2137 997 2192 Beda
1013 2155 1100 2208 prope
1116 2138 1203 2193 finem
1215 2139 1353 2194 Historiae
1370 2139 1476 2208 gentis

417 2229 581 2298 Auglerum
604 2228 701 2293 refert,
717 2227 743 2280 ci
767 2227 934 2280 successisse
958 2227 1082 2292 sciebut3
1107 2245 1248 2300 quemque
1271 2229 1313 2282 uti
1337 2229 1475 2282 nominis

417 2318 481 2388 ejus
505 2323 678 2380 consortem,
703 2317 746 2370 ita
768 2321 799 2369 et
821 2317 889 2370 ritae
913 2334 1086 2388 morumque
1108 2318 1252 2372 haeredem
1276 2319 1473 2373 fuisseaece-

417 2413 507 2479 perat.
554 2406 664 2477 Corpus
676 2405 819 2476 siquidem
843 2406 921 2459 illius
944 2405 1062 2476 majoris
1078 2407 1216 2470 wilfridi,
1233 2408 1309 2477 quod
1324 2415 1474 2462 semotum

419 2499 455 2552 ab
478 2497 543 2551 aliis
567 2515 618 2567 per
641 2514 670 2550 se
695 2493 729 2549 et
752 2496 782 2550 in
806 2495 947 2550 eminenti
971 2496 1034 2550 loco
1053 2497 1084 2549 in
1108 2497 1170 2566 ipsa
1193 2497 1312 2551 ecclesia
1335 2498 1473 2550 tumbam

417 2586 566 2650 habuerat,
601 2603 687 2656 quam
730 2592 760 2639 et
791 2584 983 2656 epitaphium,
1016 2585 1158 2642 ntidem
1190 2586 1268 2640 Beda
1301 2587 1330 2640 in
1365 2587 1473 2654 eadem

417 2677 547 2732 Historia
570 2681 679 2739 narrat,
696 2674 824 2743 digniter
847 2675 1040 2740 decoraverat,
1065 2693 1082 2728 u
1104 2675 1228 2745 glorioso
1245 2675 1474 2730 Cantaurierum

251 2762 327 2812 Some
417 2767 547 2820 antistite
571 2764 680 2829 odone,
704 2765 878 2818 translatum
902 2764 1087 2820 Cautuariam
1111 2765 1212 2819 fuerat.
1259 2765 1373 2820 Levatis
1398 2784 1475 2835 erge

249 2827 326 2945 ἓξὲξ
339 2904 347 2944 Ι
417 2857 611 2926 reliquiis,et
582 2853 847 2940 etconvenienter,
872 2861 906 2908 ut
930 2854 1001 2918 dixi,
1026 2854 1137 2920 locatis,
1154 2855 1233 2909 uliud
1256 2856 1292 2909 ab
1316 2856 1366 2910 illo
1390 2855 1473 2926 quod

249 2917 405 3016 ιγοηεςοςρ,
418 2947 526 3001 fecerat
548 2943 623 3021 post
639 2934 690 3015 par
713 2944 887 2998 omnimodis
909 2949 939 2998 et
962 2937 1073 3014 aequale
1095 2945 1201 2998 Beatus
1224 2944 1372 3000 Oswaldus
1396 2946 1472 2999 sere·
1517 2989 1518 2994 ,

419 3043 499 3090 trum
522 3035 684 3098 fabricavit,
710 3035 862 3105 ipsumque
885 3051 902 3088 a
927 3051 957 3088 se
980 3039 1178 3088 consecratum
1201 3035 1390 3106 Wygorniam
1420 3036 1471 3089 de·

419 3125 547 3178 stinarit.
595 3125 631 3178 In
655 3123 737 3194 eujus
760 3125 972 3178 consecratione
995 3128 1079 3193 rogat
1080 3141 1113 3177 us
1135 3123 1172 3178 ad
1190 3141 1380 3194 quarumnam
1397 3125 1470 3179 reli-

419 3215 552 3285 quiarum
577 3213 772 3268 conditionem
807 3197 881 3267 illud
904 3218 1026 3283 aptaret,
1052 3213 1104 3266 hoc
1128 3231 1157 3268 se
1189 3213 1226 3268 ad
1249 3213 1387 3270 honorem
1412 3214 1470 3270 Dei

419 3303 568 3374 respondit
600 3305 801 3373 composuisse,
825 3308 855 3356 et
882 3303 932 3355 Illi
959 3299 1109 3370 cujusnam
1141 3303 1272 3374 reliquiae
1305 3303 1399 3358 forent
1437 3306 1472 3358 iu

421 3411 454 3447 co
477 3392 634 3447 condendae
657 3393 840 3446 notissimum
863 3409 933 3446 esse.
981 3391 1133 3446 Servatum
1158 3397 1202 3446 est
1225 3394 1321 3464 itaque
1343 3393 1470 3464 Wygor-

420 3482 478 3537 niae
514 3482 652 3536 feretrum
682 3482 768 3546 idem,
793 3498 825 3535 ac
858 3480 1021 3552 reliquiae
1013 3482 1103 3552 1psius
1126 3483 1216 3552 patris
1244 3481 1373 3537 Oswaldi
1401 3491 1472 3554 post

420 3572 528 3626 multos
543 3589 634 3626 annos
658 3591 675 3625 a
698 3577 774 3625 terra
790 3572 902 3635 leratae,
919 3567 959 3626 ut
981 3566 1095 3647 postea
1118 3562 1256 3666 dicetur,
1273 3587 1378 3642 magno
1400 3591 1471 3628 eum

420 3662 529 3717 honore
553 3661 674 3717 suntin
697 3679 731 3715 eo
754 3660 909 3715 collocatae.
957 3703 962 3710 .

666 3921 873 3988 eremmon
896 3923 1212 3990 errnnuucrnun.

255 4110 380 4159 Oswalds
465 4094 544 4157 Post
567 4091 629 4157 hec
652 4113 726 4156 cum
761 4098 889 4176 tempus
923 4065 1088 4155 dissolut'
1047 4091 1147 4155 tionis
1171 4091 1259 4156 beuti
1233 4093 1387 4178 tpatn's
1410 4092 1474 4158 Os·
1486 4097 1523 4145 11¹
1533 4092 1615 4155 ppa-

256 4177 381 4291 {ljslqffl
423 4195 554 4262 waldi
547 4195 741 4268 immineret,
764 4191 979 4277 Wygemiam
1007 4193 1151 4268 venienS,
1175 4204 1283 4257 mansit
1304 4203 1345 4257 ibi
1367 4204 1472 4259 diebus
1486 4171 1508 4212 δ’

304 4281 307 4290 ¹
424 4315 457 4350 ee
492 4299 559 4348 noct
548 4295 625 4348 tibus
657 4293 719 4347 Deo
751 4291 915 4356 intendens,
939 4297 969 4345 et
1003 4291 1059 4345 iter
1084 4309 1169 4345 suum
1191 4293 1280 4346 eundi
1314 4291 1352 4346 ad
1374 4293 1471 4349 Deum

424 4391 486 4438 toto
514 4385 664 4438 conamine
698 4399 803 4452 purum
834 4381 870 4434 ab
893 4381 973 4434 omni
997 4381 1142 4435 obstaculo
1166 4381 1282 4436 faciens
1328 4381 1372 4437 Ob
1404 4401 1469 4454 quae

425 4473 522 4528 labore
544 4478 574 4528 ct
596 4474 713 4542 insuper
735 4471 815 4523 senio
838 4470 928 4524 fessus
958 4469 1097 4539 languore
1121 4471 1275 4541 corripitur
1301 4472 1393 4542 gravi,
1418 4490 1471 4544 per

425 4581 510 4634 quem
534 4581 562 4616 se
580 4561 736 4630 [intellexit
724 4559 830 4614 talias
845 4559 880 4614 de
893 4559 951 4612 ista
966 4559 1028 4612 vita
1049 4556 1169 4626 uocari]¹
1215 4560 1252 4614 Iu
1276 4577 1330 4614 usu
1345 4559 1471 4616 habeba

424 4653 501 4705 idem
524 4651 612 4704 untist
588 4668 644 4703 scs
667 4649 790 4718 singulis
823 4649 932 4714 diebus,
957 4653 1063 4720 praeter
1097 4648 1169 4703 alios
1193 4666 1264 4719 ques
1296 4649 1432 4706 cotidie'
1424 4670 1468 4705 m·

423 4757 557 4793 numeros
579 4739 683 4802 alebat,
708 4734 742 4793 et
765 4737 916 4792 duodecim
946 4754 1105 4808 pauperum
1128 4738 1215 4809 pedes
1237 4739 1363 4806 abluere,
1387 4739 1469 4796 deos·

423 4829 545 4883 colando
569 4829 647 4882 crine
678 4846 712 4882 ae
743 4827 855 4882 lintheo
889 4833 1011 4898 tergere,
1035 4827 1169 4883 manibus
1200 4845 1304 4900 aquam
1336 4829 1469 4898 fundere,
