3582 5798
410 836 474 900 134
566 849 716 900 HISTORY
739 849 783 898 OF
807 848 900 898 FOUR
923 847 1162 900 ARCHBISHOPS
1185 850 1229 900 OF
1253 851 1349 900 YORK

408 1037 489 1102 dum
517 1041 660 1123 cogeret,
682 1057 840 1102 accusans
871 1057 1002 1122 quoque
1025 1059 1100 1104 eum
1124 1035 1213 1123 quod
1243 1057 1320 1123 rege
1353 1035 1468 1101 incen-

409 1141 496 1206 sulte
530 1140 574 1204 ad
605 1138 829 1224 Apostolicam
864 1139 974 1204 sedem
1006 1140 1101 1204 illum
1132 1139 1345 1216 invitaverat,
1377 1137 1466 1224 qued

408 1242 509 1327 hujus
532 1241 625 1327 regni
648 1239 873 1306 consuetudo1
894 1262 962 1305 non
982 1241 1105 1320 extitit,
1126 1263 1196 1306 rem
1219 1241 1266 1307 sic
1280 1241 1466 1328 aggerando

410 1365 509 1430 super
530 1343 666 1407 fratrem
689 1364 795 1420 suum,
811 1347 846 1407 et
869 1337 1095 1430 coepiscopum
1119 1345 1328 1432 designatum
1350 1365 1466 1430 aggra-

411 1467 489 1510 vare
506 1445 703 1510 desiderans.
740 1445 785 1509 Et
799 1446 870 1530 ipse
886 1447 1020 1531 quidem
1036 1447 1211 1534 ignorabat
1226 1446 1314 1532 quod
1329 1445 1467 1511 consilio

410 1548 497 1634 regis
527 1547 589 1612 hoc
617 1545 748 1624 fecerat,
771 1569 971 1634 quamquam
995 1555 1030 1614 et
1063 1551 1133 1636 ipse
1165 1572 1224 1614 rex
1247 1548 1466 1636 postmodum,

411 1650 550 1716 fortasse
582 1669 649 1714 non
683 1649 837 1728 recolens,
860 1650 928 1715 illis
962 1652 1064 1717 etiam
1097 1653 1217 1738 q'uibus
1249 1651 1468 1737 praesentibus

412 1753 458 1818 sic
482 1752 673 1817 consiliatus
706 1757 777 1817 eret
808 1754 954 1839 negavit,
978 1754 1044 1832 sed,
1067 1754 1095 1818 si
1119 1776 1201 1840 opus
1223 1753 1349 1830 fuisset,
1373 1753 1468 1818 testi·
1516 1817 1521 1822 .

468 1855 562 1918 nium
584 1853 634 1917 illi
657 1875 725 1918 nen
788 1854 836 1918 fu'
908 1905 914 1921 .

241 1967 380 2018 Theletus
413 1876 580 2021 mOLiterse
611 1977 690 2020 vero
727 1855 809 2041 qiiirs
827 1861 1096 2042 Isslibradinimus
1133 1979 1154 2022 a
1190 1957 1285 2022 nobis
1319 1979 1395 2022 eum
1426 1956 1468 2021 de

242 2034 354 2164 wer
365 2099 396 2150 of
416 2058 572 2124 electione
596 2079 656 2122 sua
678 2059 848 2143 accepisse,
871 2079 939 2124 non
962 2060 1084 2136 statim,
1101 2060 1159 2125 sed
1181 2063 1348 2126 transacto
1372 2063 1406 2123 ct
1428 2080 1467 2123 eo

244 2167 325 2244 Υογῑς,
338 2168 381 2216 ce-
415 2160 558 2246 amplius
580 2163 651 2225 toto
675 2181 762 2225 anno
784 2161 827 2226 ad
842 2161 1031 2246 proximum
1052 2161 1174 2227 Natale
1189 2161 1324 2227 tandem
1339 2182 1467 2226 summo

241 2249 291 2350 {122¹
292 2236 362 2364 iffi
417 2263 565 2350 pontifici
589 2267 622 2328 et
644 2263 700 2348 pio
722 2264 811 2349 patri
840 2262 990 2329 Paschali
1024 2265 1160 2350 perlata
1205 2269 1291 2342 sunt,
1323 2264 1469 2350 potemi-

243 2366 309 2428 tion,
417 2372 522 2431 tatem
567 2369 602 2430 et
638 2365 895 2432 misericordiam
933 2367 1004 2452 ejus
1042 2367 1261 2452 deprecantes,
1303 2371 1468 2452 quatenus

242 2434 371 2565 ξζέοζζξθ,
417 2468 609 2534 electionem
632 2471 780 2534 nostram
806 2468 999 2554 Apostolica
1021 2470 1219 2536 arroteritate
1248 2470 1467 2547 confirmaret,

414 2572 624 2638 ostendentes
662 2585 792 2658 queque
823 2575 1053 2658 conquerendo
1091 2575 1179 2660 quod
1218 2575 1467 2641 Centuariensis

412 2675 675 2761 archiepiscopus
698 2697 719 2740 a
750 2677 969 2742 consecrando
1000 2699 1075 2741 eum
1111 2699 1246 2743 manum
1277 2677 1468 2746 retrahebat
1503 2713 1509 2724 ι

412 2799 472 2864 pro
495 2799 534 2843 eo
566 2777 654 2862 quod
688 2777 719 2841 ei
751 2777 986 2862 professionem
1017 2777 1173 2844 exhibere
1211 2785 1351 2857 recusat,
1389 2781 1468 2865 quia

412 2880 476 2946 hoc
498 2883 533 2946 et
555 2879 650 2944 Beati
675 2878 825 2965 Gregorii
848 2885 883 2944 et
905 2879 1046 2945 Honorii
1070 2881 1209 2946 decretis
1230 2881 1353 2959 obviat,
1375 2887 1410 2946 ct
1432 2881 1468 2946 id

412 3003 434 3047 a
455 2981 719 3068 metropolitanis
742 2981 804 3046 soli
826 2981 976 3047 Romano
1006 2983 1156 3069 pontifici
1192 2983 1308 3049 debere
1330 3005 1398 3049 nen
1420 2983 1469 3070 ig-

413 3089 518 3148 norat.
579 3083 619 3146 Id
643 3083 744 3154 etiam
767 3083 857 3169 apud
879 3106 989 3170 regem
1013 3084 1161 3149 obtinuit
1183 3090 1223 3150 ut
1244 3084 1469 3171 Apostolicam

414 3184 525 3250 sedem
547 3185 639 3250 adire
662 3207 729 3250 non
752 3187 935 3270 permittat,
958 3188 1056 3252 etsie
1078 3188 1278 3253 consecratio
1301 3188 1372 3274 ejus
1395 3188 1469 3252 diu-

246 3311 376 3376 rhepope
415 3287 484 3352 tius
502 3287 595 3372 justo
618 3287 841 3353 differebatur.
887 3289 1023 3354 Auditis
1053 3289 1362 3381 reverenduspape
1384 3289 1470 3375 peti·

245 3377 331 3428 writes
416 3389 507 3454 tione
538 3394 573 3454 et
604 3389 818 3473 qucrimonia,
848 3389 899 3454 illi
937 3391 1080 3477 benigne
1114 3412 1272 3469 annuens,
1295 3391 1384 3457 hunc
1416 3392 1471 3478 pie
1568 3421 1571 3427 ·

245 3445 404 3575 iitdesrdbiibt.
417 3490 600 3568 condolens,
616 3513 675 3576 pro
699 3495 840 3577 utraque
863 3493 995 3578 scripsit
1026 3493 1146 3578 quibus
1170 3493 1295 3576 debuit,
1318 3499 1360 3572 et,
1384 3494 1472 3560 sicut

416 3593 536 3672 decuit,
560 3592 646 3659 clero
679 3593 804 3658 scilicet
836 3593 1034 3659 Eboracensi
1067 3595 1108 3660 de
1154 3594 1323 3660 electionis
1354 3595 1471 3661 confir·

416 3683 569 3774 mationa,
594 3695 772 3782 Radulpho
795 3697 1039 3784 archiepiscopo
1066 3698 1255 3764 mandando
1277 3699 1471 3784 praecipiens

415 3804 456 3863 ut
478 3798 619 3864 electum
651 3803 855 3864 consecraret
887 3799 1012 3884 absque
1047 3799 1257 3885 professionis
1289 3800 1469 3866 exactione,

418 3901 501 3982 Quae
524 3901 631 3966 literae
654 3901 691 3964 in
715 3900 976 3987 Quadragesima
998 3902 1034 3966 in
1057 3901 1215 3989 Angliam
1238 3909 1470 3989 pervenemnt.

417 4002 507 4082 Quas
528 4001 622 4066 misit
644 4001 737 4078 clero,
760 4000 812 4066 hee
835 4007 922 4066 sunt.

247 4135 357 4187 Pascha
368 4135 405 4184 11.
463 4101 669 4189 P[eecbelie]
700 4101 1021 4189 episcopusservus
1047 4126 1220 4185 cereorum
1242 4104 1315 4184 Dei,
1338 4105 1470 4174 dilectis

247 4201 327 4317 iffi
381 4205 505 4317 sfiliis
527 4203 746 4270 Eboreceusis
762 4205 900 4272 eeclesiae
932 4205 1070 4285 chrisis,
1091 4207 1236 4274 salutem
1268 4214 1297 4274 ct
1329 4209 1471 4295 Aposto-

248 4285 339 4384 ioris?
340 4283 379 4319 ro
419 4308 524 4374 licam
555 4306 826 4373 benedictionem.
872 4307 902 4372 A
940 4309 1041 4376 Beato
1075 4309 1239 4396 esame,
1284 4309 1379 4397 ΨΜ
1410 4335 1472 4399 per

418 4407 622 4494 ampliorem
674 4407 738 4474 Dei
778 4409 933 4496 pretium
976 4411 1086 4496 pectis
1138 4418 1251 4478 vestm
1288 4413 1471 4499 Apostolus

413 4511 528 4599 fectus
550 4517 604 4590 cst,
626 4510 786 4577 accimus
808 4511 1019 4592 meditatum,
1035 4521 1075 4580 ut
1093 4521 1170 4600 post
1184 4514 1380 4600 Aapestiwi
1402 4515 1471 4582 obi·

428 4673 496 4682 ,-..-.

451 4755 639 4821 ¹cousuetudo]
660 4761 790 4818 consueto,
802 4755 860 4808 MS.
938 4757 944 4824 Ι
993 4757 1078 4823 ⁹qui]
1099 4759 1174 4823 quod,
1187 4759 1246 4810 MS.
