3454 5816
499 877 542 928 or
557 846 636 928 'rus
659 879 803 930 csuacfl
828 877 871 929 or
894 879 997 928 roan.
1218 853 1281 926 481

276 1061 368 1126 Obiit
391 1062 572 1130 catholicus
595 1061 716 1150 praesul
739 1066 774 1126 et
795 1060 911 1140 fidelis,

274 1164 328 1229 Ad
350 1165 455 1230 altare
480 1165 614 1252 ponitur
638 1163 752 1232 Sancti
776 1162 955 1229 Michaelis
1217 1165 1283 1228 390

275 1265 444 1345 Sewellus,
468 1267 609 1334 ecclesiae
632 1267 779 1353 ejusdem
802 1266 955 1346 decanus,
1297 1263 1398 1314 Seven.
1427 1335 1433 1342 ,

273 1367 328 1434 Ad
351 1370 461 1435 sedem
485 1370 628 1457 eligitur,
651 1370 771 1456 dignus
795 1368 992 1454 capellanus.
1085 1365 1214 1430 xxxiiii.

274 1470 347 1536 Rex
371 1473 536 1540 Henricus
558 1471 668 1536 noluit
690 1471 755 1536 sibi
778 1472 971 1548 consentire,

274 1573 308 1636 N
310 1595 346 1640 ec
366 1575 411 1641 ad
433 1574 712 1662 temporalia-sua
735 1595 770 1638 se
793 1573 914 1639 venire.

274 1673 367 1743 Tunc
389 1677 430 1742 de
453 1678 529 1744 sede
552 1675 666 1742 taliter
688 1697 747 1762 per
769 1696 879 1760 regem
902 1675 1034 1760 ejectus,
1218 1675 1281 1738 395

273 1777 329 1843 Ad
351 1779 534 1845 Romanam
557 1779 682 1844 curiam
704 1778 861 1844 mittebat
883 1776 1014 1842 electus.

275 1879 390 1966 Ipsum
413 1882 448 1946 in
471 1883 659 1968 episcopum
682 1901 769 1967 papa
791 1879 1008 1957 confirmavit,

275 1983 320 2047 Et
341 1983 473 2050 honoris
494 1985 634 2070 pellium
657 1983 721 2058 sibi
743 1982 960 2049 remandavit

274 2085 330 2151 Sic
351 2087 493 2152 intravit
515 2087 705 2154 cathedram
729 2083 781 2150 sui
804 2085 1013 2171 praesuiatus‚

275 2187 319 2252 Et
340 2210 361 2278 a
383 2189 598 2276 suffraganeis
620 2188 692 2254 fuit·
710 2193 924 2254 consecratus·

275 2289 320 2353 Et
342 2290 389 2356 sic
411 2289 648 2376 temporalibus
672 2311 748 2356 cum
771 2289 857 2355 clero
880 2289 1056 2376 gaudebat,

274 2391 367 2458 Licet
390 2413 448 2457 rex
471 2393 642 2479 principiis
664 2415 732 2456 non
755 2393 990 2458 consentiebat.

275 2493 384 2579 Supra
405 2517 537 2582 gregem
561 2494 690 2581 vigilat,
713 2515 814 2581 agens
839 2495 890 2559 sui
914 2516 1036 2572 curam,

276 2595 364 2661 Oves
386 2619 463 2662 suas
480 2598 608 2684 jugiter
631 2597 724 2664 ducit
746 2597 789 2662 ad
812 2603 990 2683 pasturam.

275 2699 317 2763 in
339 2701 464 2786 capella
486 2701 640 2787 primitus
665 2701 816 2788 Sepulcri
839 2707 957 2768 vocata

275 2801 483 2867 Reformavit
505 2804 616 2869 omnia
638 2804 730 2889 prius
754 2804 914 2869 ordinata.

275 2905 339 2970 His
361 2905 463 2992 gestis
487 2911 521 2971 et
543 2907 618 2971 aliis
641 2906 711 2970 sedi
735 2907 927 2991 profuturis,

275 3005 374 3072 Anno
398 3027 476 3071 vero
501 3007 599 3070 tertio
621 3007 665 3072 ab
687 3007 843 3072 humanis
865 3009 961 3085 curis,

274 3108 424 3173 Devotus
448 3109 584 3172 exuitur
606 3130 674 3173 sum
698 3109 883 3194 dignitatis,

276 3209 416 3276 Eboraci
439 3209 600 3296 suscipit¹
618 3212 675 3296 jus
698 3210 924 3276 humanitatis.
1216 3213 1282 3275 410

275 3311 435 3378 Pastorali
458 3311 623 3378 cathedrae
647 3313 804 3378 successit
827 3313 1018 3391 Godfridus‚
1108 3334 1213 3376 xxxv.
1242 3389 1245 3394 Ι
1296 3309 1452 3376 Gooneyde

275 3413 427 3480 Decanus
451 3413 593 3480 ecclcsiae
617 3413 737 3500 dignus
760 3423 860 3500 atque
883 3415 992 3494 fidus3
1297 3377 1420 3428 Ludham.

245 3577 247 3581 ,
276 3515 342 3582 Hic
364 3537 423 3582 suc
447 3515 639 3602 cognomine
662 3517 702 3581 de
726 3517 879 3581 Ludham
902 3522 1050 3595 vocatur,

277 3617 318 3680 In
342 3617 493 3682 Romana
515 3618 607 3683 curia
629 3617 729 3703 digne
751 3623 966 3683 consecratur.

276 3721 374 3784 Anno
397 3718 483 3784 cuiae
507 3720 606 3784 tertio
630 3719 804 3805 pastoralis
827 3719 925 3796 dicte,
1217 3723 1281 3784 415

276 3821 343 3887 Hic
365 3843 458 3886 suam
483 3821 657 3908 supposuit
679 3821 795 3885 urbem
818 3821 1004 3887 interdicto.

275 3925 374 3988 Anno
397 3931 492 3990 sexto
515 3923 676 3988 terminus
699 3929 772 3988 erat
794 3907 863 3988 s'uae
886 3923 976 4001 vitm,

276 4027 415 4092 Eboraci
437 4027 574 4113 ponitur
596 4046 712 4112 corpus
735 4047 832 4090 suum
855 4021 927 4092 rite.

276 4129 461 4194 Willelmus
483 4127 667 4206 canonicus,
690 4127 837 4214 ejusdem
861 4128 1011 4206 decanus,
1098 4129 1215 4192 xxxvi.
1296 4128 1451 4262 ffllgiffide

276 4231 318 4294 in
340 4231 450 4296 sedem
473 4231 616 4318 eligitur,
640 4231 698 4295 scd
720 4231 760 4296 fit
783 4229 875 4294 labor
897 4229 1025 4294 vanus)l
1217 4233 1282 4296 420

276 4333 318 4398 In
341 4334 491 4400 Romana
513 4334 606 4400 curia
628 4353 727 4400 causa
750 4333 790 4397 fit
812 4331 950 4419 prolata,

168 4495 172 4506 .
277 4435 321 4500 Et
343 4436 414 4523 ejus
437 4435 553 4502 electio
576 4435 616 4500 fit
639 4435 686 4498 ibi
709 4441 855 4515 cassam

467 4714 474 4746 ¹
491 4713 608 4782 suscipit]
629 4711 726 4779 recipit,
738 4713 772 4764 A.

464 4799 474 4832 '²
492 4799 535 4848 sed
553 4835 559 4849 .
578 4835 584 4848 .
603 4833 610 4848 .
628 4798 722 4863 ousae]
742 4798 787 4848 sed
798 4797 870 4848 labor
881 4795 979 4858 inaniis,
992 4799 1026 4849 A.

318 4892 411 4946 0575.
1076 4910 1103 4960 Η
1121 4911 1147 4961 Η
