3582 5798
414 926 456 990 94
737 939 816 988 vira
840 939 961 988 ssucrr
985 939 1138 988 oswium

411 1132 501 1193 ecce!
535 1147 712 1192 concursus
745 1126 951 1212 populorum,
983 1128 1209 1214 religiosorum
1244 1131 1358 1204 ooetus,
1386 1125 1461 1212 ¹epi-

411 1229 500 1316 scopi
532 1231 633 1296 etiam
666 1234 701 1294 et
722 1229 860 1295 abbates
887 1231 1099 1308 conveniunt,
1124 1229 1248 1295 debiles
1272 1251 1402 1316 quoque
1425 1233 1460 1293 et

410 1331 544 1408 infirmi,
566 1337 607 1396 ut
638 1335 805 1396 sanentur.
842 1331 944 1400 *Jam
978 1333 1032 1397 die
1063 1331 1149 1397 festo
1181 1331 1357 1409 mediante,
1388 1336 1459 1396 erat

411 1433 500 1497 enim
515 1431 690 1498 Dominica
705 1433 783 1509 dies,
800 1434 1005 1498 conveniunt
1025 1455 1137 1499 omnes
1153 1433 1256 1520 digna
1275 1431 1461 1498 reverentia

410 1540 577 1602 maturare
599 1535 779 1622 negotium.
836 1536 881 1600 Et
903 1538 983 1602 dum
1007 1559 1098 1602 sacro
1119 1537 1337 1622 accinguntur
1359 1535 1459 1622 operi,

412 1641 446 1702 et
477 1659 596 1702 manus
627 1637 763 1702 Domini
797 1638 886 1703 inter
919 1638 1002 1716 illos,
1035 1644 1070 1704 et
1104 1639 1227 1725 passim
1259 1637 1460 1703 curabantur

411 1738 570 1826 languidi.
638 1739 727 1804 Nem
760 1739 881 1804 mulier
912 1742 1065 1826 quaedam
1096 1763 1138 1806 ex
1172 1740 1297 1818 incolis,
1329 1740 1460 1804 diutina
1508 1791 1510 1796 .

411 1841 603 1907 valetudine
649 1841 837 1906 morborum
883 1841 1032 1928 fatigata,
1072 1843 1124 1908 cui
1164 1843 1265 1908 etiam
1312 1846 1460 1907 emortua

322 1951 344 1984 ¹⁸
411 1965 528 2008 manus
559 1943 726 2029 pendebat
757 1964 779 2009 a
809 1943 913 2009 latere
944 1935 1183 2032 impedimento
1218 1945 1329 2030 potius
1359 1965 1459 2030 quam

410 2067 528 2122 usurae,
551 2046 687 2111 accessit
716 2045 760 2110 ad
782 2045 961 2122 tumulum,
983 2046 1140 2132 apposuit
1165 2067 1302 2110 manum
1331 2048 1458 2114 aridam

411 2153 446 2213 et
467 2147 673 2214 vivificatam
704 2149 854 2226 retraxit,
877 2148 1000 2234 adepta
1026 2150 1128 2214 etiam
1159 2149 1303 2214 sanitate
1332 2149 1369 2213 in
1390 2171 1458 2216 cor-

411 2272 489 2338 pore
523 2249 657 2335 reliquo.
718 2248 823 2336 Cujus
857 2250 973 2318 iccirco
1010 2251 1198 2338 specialiter
1231 2271 1300 2337 prae
1333 2253 1459 2318 caeter-is
1557 2312 1565 2323 ,

411 2353 547 2418 fecimus
581 2352 792 2430 mentionem,
820 2354 977 2440 quoniam
1011 2353 1123 2440 plures
1154 2353 1460 2420 cucumastantium

411 2454 639 2519 infirmitatem
670 2453 742 2540 ejus
772 2460 807 2520 et
837 2475 909 2520 eam
941 2460 1114 2532 noverant,
1137 2459 1254 2540 utpote
1280 2477 1322 2521 ex
1345 2456 1459 2522 eadem

410 2557 492 2622 urbe
513 2557 729 2643 progenitam.
789 2557 832 2621 Et
853 2561 968 2622 tamen
990 2562 1060 2623 tam
1084 2557 1210 2622 celebre
1232 2557 1366 2638 factum,
1389 2564 1460 2624 tam

288 2705 290 2712 .
410 2658 467 2745 pia
488 2657 673 2736 subventio,
689 2657 887 2743 quibusdam
910 2655 1050 2724 efficitur
1073 2657 1156 2724 odor
1177 2657 1255 2724 vr'tae
1278 2658 1321 2724 rin
1342 2658 1459 2737 viluna
1472 2677 1628 2730 socratis.

410 2761 608 2846 quibusdam
629 2760 751 2826 coortis
774 2759 817 2826 c'u
839 2767 987 2827 mortem.
1050 2760 1194 2841 Quidam
1215 2762 1304 2826 enim
1327 2762 1459 2829 intona-

409 2864 493 2928 bant
522 2862 720 2928 Labdacios
743 2863 869 2940 amato,
894 2863 1030 2948 quidam
1060 2863 1186 2928 factum
1220 2863 1458 2949 deprimebant,

410 2986 477 3030 non
515 2965 699 3030 deferentes
737 2964 860 3030 Sancto
900 2971 935 3030 et
973 2964 1114 3050 Spiritui
1157 2965 1215 3050 qui
1252 2967 1457 3051 operabatur.

411 3066 529 3151 Neque
559 3067 648 3130 enim
678 3065 808 3130 invidia
835 3065 958 3131 diaboli
988 3089 1085 3152 passa
1111 3071 1162 3132 cst
1187 3066 1341 3132 laetitiam
1372 3068 1458 3136 hanc

242 3169 268 3218 A
281 3169 375 3220 camin
411 3167 529 3232 deduci
561 3167 632 3231 sine
654 3167 816 3232 scandalo.
878 3167 1012 3232 Irruena
1034 3169 1123 3232 enim
1153 3168 1190 3232 in
1212 3190 1266 3234 cor
1288 3169 1458 3256 cujusdam

241 3237 382 3354 fflfffl
411 3268 551 3344 abbatis,
574 3269 750 3334 suscitavit
772 3269 808 3333 in
832 3291 869 3334 eo
892 3269 1047 3355 spiritum
1070 3269 1291 3356 blasphemiae,
1312 3277 1353 3337 ut
1372 3273 1459 3338 dice-

239 3368 355 3485 iquqcuu-
412 3376 463 3436 ret
483 3372 520 3436 in
535 3370 691 3436 Osvvaldo
711 3391 778 3437 non
798 3373 1000 3457 praecessisse
1015 3372 1121 3437 vitam
1137 3393 1236 3458 quarn
1256 3373 1334 3439 talis
1354 3374 1459 3440 honor

241 3473 363 3564 Andcall
411 3473 626 3540 comitaretur
638 3497 646 3552 ;
678 3478 713 3538 et
746 3473 836 3559 quod
869 3473 956 3539 circa
978 3473 1049 3558 ejus
1072 3473 1336 3541 Translationem
1367 3499 1459 3564 gere·

239 3577 511 3657 inquinabatur
533 3574 675 3640 vocabat
703 3577 889 3640 novitatem
920 3576 1191 3662 superstitiosam,
1221 3585 1458 3666 praesumptam

240 3647 329 3776 ζζξζξ
411 3678 594 3744 levitatem.
656 3676 817 3743 Sibilavit
846 3677 985 3743 verbum
1016 3679 1108 3744 istud
1141 3681 1278 3745 auribus
1308 3681 1459 3749 infirmo-

240 3777 346 3831 serious.
411 3803 485 3845 rum
515 3785 550 3846 ct
571 3780 691 3846 ascivit
722 3779 896 3866 complices
925 3780 1071 3858 malitiae,
1098 3781 1218 3867 quibus
1249 3782 1458 3850 infidelitatis

410 3905 576 3949 venenum
613 3881 812 3968 propinaret.
876 3881 1021 3966 Squama
1057 3905 1203 3969 squamae
1237 3885 1458 3972 conjungitur,

410 3986 662 4072 domabantque
692 3984 853 4050 adversus
884 3985 1019 4071 agmina
1045 3985 1242 4052 Sanctorum
1272 3987 1330 4072 qui
1353 3989 1459 4054 fideli-

409 4095 461 4154 ter
483 4092 707 4156 convenerant
739 4085 939 4172 amplificare
962 4107 1083 4153 nomen
1105 4087 1248 4155 Domini.
1306 4090 1457 4178 Episcopi

409 4196 521 4255 autem
559 4195 594 4254 ct
636 4188 781 4274 religiosi
818 4189 884 4252 viri
925 4189 996 4254 haec
1032 4190 1205 4256 audientes
1243 4191 1458 4259 indoluerrmt

408 4291 630 4368 vehementer,
661 4295 875 4376 agnoscentes
906 4291 1040 4376 laqueos
1072 4291 1204 4370 diaboli,
1231 4297 1458 4379 perversitatis

408 4393 567 4479 germina,
600 4392 738 4458 insidias
773 4393 939 4459 Sathanae.
1007 4393 1177 4460 Nolebsnt
1207 4399 1320 4461 tamen
1354 4398 1390 4462 in
1423 4422 1458 4465 re

409 4501 479 4559 tam
511 4494 596 4559 seria
626 4494 824 4560 tumultuari
851 4496 1063 4572 sermonibus,
1086 4497 1143 4561 sed
1166 4498 1306 4564 orationi
1331 4501 1458 4567 instan-

408 4602 459 4662 tes
497 4595 740 4682 beneplacitum
777 4597 842 4663 Dei
879 4599 1087 4684 postulavere
1128 4602 1298 4667 attentius.
1377 4605 1459 4671 Erat

408 4700 497 4765 enirn
519 4699 674 4785 angustia
695 4699 830 4785 duplex,
852 4706 887 4765 et
909 4702 988 4786 quia
1009 4701 1211 4790 malignatus
1233 4711 1284 4770 est
1306 4706 1459 4774 inimicus

408 4805 445 4869 in
479 4802 610 4880 Sancto,
637 4807 671 4867 ct
703 4801 782 4888 quia
815 4801 935 4892 fratres
968 4805 1198 4890 periclitantur
1227 4808 1263 4872 in
1297 4810 1457 4878 scandam.
