3582 5798
692 889 1019 946 1661666666116.
1167 957 1175 971 .
1334 883 1377 946 61

319 1078 448 1166 operari
482 1099 549 1144 non
583 1080 755 1166 contingit.
802 1081 908 1146 Immo
938 1081 1107 1166 improbus
1145 1084 1278 1146 exactor
1316 1081 1380 1144 crit

319 1184 377 1270 qui
400 1182 568 1248 talentum
591 1181 743 1260 eredidit,
766 1183 795 1246 61
818 1183 902 1248 illud
937 1183 1096 1254 intueris
1119 1187 1153 1254 et
1174 1204 1242 1248 non
1264 1182 1377 1249 multi·

320 1285 495 1372 plicaveria
517 1285 554 1354 in
576 1285 674 1355 lucro.
725 1282 805 1355 Ideo
820 1283 909 1353 enim
939 1284 976 1350 in
999 1284 1071 1372 lege
1103 1285 1253 1357 eacardoe
1286 1305 1378 1354 aueu-

320 1389 433 1454 mebat
467 1387 507 1456 de
541 1388 652 1454 hostia
689 1387 917 1474 pectusculum
952 1387 1148 1457 elevationis
1181 1392 1215 1454 et
1248 1408 1377 1454 armum

319 1491 545 1578 separationis,
568 1491 758 1578 significans
773 1491 843 1556 eine
867 1495 1007 1576 utroque
1031 1511 1199 1560 servorum
1223 1489 1287 1557 Dei
1309 1511 1377 1557 non

320 1615 389 1659 esse
413 1593 656 1680 perfectionem.
703 1593 745 1660 In
768 1599 899 1679 pectore
923 1593 1011 1658 enirn
1028 1595 1201 1679 sapientie,
1225 1594 1262 1658 in
1285 1615 1377 1658 armo

321 1717 419 1783 opera
441 1696 683 1784 intelliguntur.
731 1696 776 1763 Et
809 1695 942 1782 quidem
981 1696 1125 1782 pueritia
1156 1695 1302 1765 Oewaldi
1330 1696 1377 1764 sic

322 1805 401 1866 erat

209 1927 270 1974 mr,
366 1902 495 1970 Deinde
518 1929 535 1968 a
555 1915 659 1984 patruo
686 1927 738 1965 sao
760 1909 861 1968 Odore
884 1907 1066 1966 Wintoniam
1090 1907 1239 1980 dirigitur,
1263 1900 1375 1986 ibique
1388 1911 1445 1964 Ode
1457 1915 1533 1966 6611111

1388 1979 1491 2030 Orwald
1502 1988 1529 2032 to

208 2015 214 2028 ·
322 2003 411 2072 illius
445 2004 588 2072 ecclcsiae
620 2003 708 2072 filius
742 2003 878 2076 effeetus
915 2003 1043 2090 accepit
1073 2001 1287 2089 singulariter
1316 2003 1374 2068 sti·
1388 2045 1520 2098 winches-

321 2106 478 2194 pendium
513 2105 600 2184 vitee,
628 2106 714 2178 sicut
748 2106 986 2173 canonicorum
1016 2105 1218 2175 consuetudo
1252 2105 1373 2172 habere
1385 2117 1432 2162 ter·

320 2207 514 2293 perhibetur
545 2229 649 2294 usque
681 2207 797 2277 adhuc.
844 2207 914 2277 Ubi
944 2207 1140 2294 aliquandiu
1170 2207 1292 2294 degens
1323 2207 1373 2272 lu-

287 2397 293 2408 ·
321 2331 418 2378 cerna
440 2311 502 2376 sub
524 2310 634 2380 modio
656 2309 759 2382 latere
793 2331 862 2379 non
891 2309 1012 2396 potuit,
1034 2330 1096 2377 nee
1125 2308 1206 2379 odor
1234 2308 1375 2376 balsami

321 2435 389 2499 prae
412 2412 566 2482 manibus
588 2412 750 2480 infatuari
773 2409 836 2482 vel'
854 2412 997 2499 reprimi,
1021 2411 1079 2484 aad
1109 2410 1181 2498 ejus
1215 2410 1375 2481 sanctitas

265 2577 268 2582 .
320 2516 469 2583 innotuit
498 2515 674 2597 universis,
697 2514 960 2601 complacuitque
983 2514 1054 2600 ejus
1096 2513 1133 2578 in
1164 2512 1230 2580 illo.
1275 2513 1375 2582 Unde

320 2619 422 2686 etiam
444 2618 515 2686 fieri
538 2618 660 2686 meruit
682 2639 749 2684 non
767 2617 838 2703 jam
877 2616 1048 2704 quodlibet
1074 2616 1258 2686 membrum
1281 2615 1375 2684 Win-
1423 2653 1427 2667 ·

321 2721 481 2788 toniensie
513 2721 656 2790 ecelesiae
694 2720 752 2788 sed
775 2719 898 2786 oculus.
950 2719 1254 2790 Concanonicorum
1285 2719 1374 2786 enim

321 2824 517 2892 conciliante
550 2823 707 2911 suffragio
733 2823 876 2895 decanus
905 2823 1015 2892 factus
1046 2825 1104 2901 eet,
1128 2826 1163 2893 et
1186 2822 1274 2909 quod
1306 2821 1526 2892 for-wherehe

322 2927 419 2994 tassia
441 2927 552 2992 minus
575 2932 648 2994 erat
669 2927 705 2991 in
728 2931 837 3004 aetate,
853 2925 1024 3012 supplevit
1044 2925 1258 3012 privilegium
1281 2908 1504 3026 sanc-{ffnes

321 3030 438 3098 titatis.
484 3029 603 3116 Neque
625 3029 714 3096 anim
737 3029 877 3116 abrogat
906 3029 1012 3116 legem
1042 3049 1250 3096 communem
1284 3029 1374 3114 quod

321 3152 421 3218 supra
443 3131 550 3219 legem
573 3135 728 3218 operatur
750 3131 927 3217 legislator.
976 3131 1020 3196 Et
1035 3135 1127 3201 66661
1164 3131 1289 3196 arridet
1312 3129 1374 3196 06-

321 3235 429 3300 waldo
451 3235 556 3321 gloria
578 3235 704 3312 mundi,
728 3232 870 3300 affluunt
892 3233 1030 3312 divitiae,
1063 3233 1218 3319 voluptas
1249 3232 1373 3318 palpet,

322 3336 491 3403 blanditur
522 3357 605 3413 aare,
628 3337 686 3402 ead
717 3337 753 3402 in
783 3335 936 3402 omnibus
965 3334 1017 3401 his
1047 3335 1151 3402 animi
1185 3333 1374 3400 libertatern

321 3459 387 3504 non
416 3439 551 3519 moveri,
575 3439 632 3504 aed
654 3438 757 3504 subde
779 3437 844 3504 eibi
866 3443 1015 3505 constare
1038 3437 1174 3504 videres.
1230 3436 1373 3523 Perpen-

321 3539 401 3606 dens
422 3544 535 3607 autem
559 3539 647 3625 quod
668 3539 822 3626 spiritum
845 3539 1082 3624 hujusmundi
1105 3559 1172 3604 non
1194 3544 1372 3624 acceperat,

321 3643 443 3730 cogitat
477 3663 577 3729 quam
607 3643 644 3707 in
674 3642 819 3728 maligno
849 3643 977 3728 positus
1008 3641 1054 3706 sit
1085 3641 1238 3720 mundus,
1270 3663 1370 3727 quam
1385 3661 1522 3713 Hersen.

319 3745 404 3810 nibil
427 3749 539 3812 tutum
562 3744 624 3810 sub
647 3744 794 3830 principe
816 3744 951 3823 mundi;
975 3729 1517 3847 161616111661111111161111ξξιξῑξῃίξίζζ1

320 3848 408 3934 quod
430 3853 542 3933 portat
565 3847 674 3912 oleum
696 3847 835 3924 laetitiae,
857 3847 979 3912 etenim
1002 3867 1070 3911 non
1085 3845 1267 3932 impingere
1283 3847 1369 3911 inter
1382 3862 1458 3912 ochis

319 3955 371 4016 aa
401 3949 556 4016 66666616
578 3949 794 4015 menaeus
817 3949 882 4014 vie
904 3947 1004 4032 nujus
1026 3949 1107 4019 viee
1130 3945 1367 4016 unanimum.
1381 3929 1482 3980 eun.

322 4053 363 4118 In
384 4053 474 4118 hunc
504 4052 639 4118 modum
673 4049 912 4137 multiplicavit
934 4050 971 4114 in
1004 4049 1114 4116 animo
1146 4049 1370 4136 cogitationes,

320 4155 474 4242 expedire
496 4159 619 4242 putans
642 4153 871 4222 blandimenta
892 4151 1135 4218 mundanorum
1162 4153 1313 4240 retroagi,
1336 4161 1371 4222 61

319 4261 440 4343 praeter
462 4257 594 4322 turbam
616 4255 688 4322 fieri
713 4255 771 4322 ubi
801 4277 868 4321 vox
892 4254 1032 4322 turturis
1064 4255 1240 4339 audiatur3
1270 4264 1370 4345 atque

184 4369 191 4380 ‘
318 4358 355 4424 in
386 4358 577 4426 abscondito
609 4357 715 4424 cordis
745 4357 797 4422 sui
827 4357 968 4443 suspiria
998 4355 1091 4425 ducit
1119 4355 1156 4422 in
1186 4358 1222 4424 id
1252 4360 1369 4446 ipsum.

192 4479 237 4514 ren
275 4501 281 4516 ·
319 4459 458 4546 Legerat
473 4461 561 4526 enim
585 4460 673 4546 quod
696 4458 823 4526 boawm
845 4466 890 4526 661
911 4458 986 4528 ciro
1007 4481 1087 4528 ousae
1106 4462 1293 4546 portaverit
1308 4463 1369 4550 ja-

147 4529 183 4580 ‘fi'
232 4568 238 4581 ‘
316 4585 401 4650 pusca
423 4562 466 4630 ab
489 4561 713 4630 adobeocata'a
734 4583 808 4640 aaa,
831 4567 866 4629 et
887 4563 975 4648 quod
998 4563 1035 4628 in
1057 4564 1119 4630 bac
1139 4569 1238 4631 aetate
1262 4566 1371 4632 crimi-

318 4687 399 4732 num
415 4665 533 4742 neecia,
549 4666 758 4752 potissimum
780 4670 832 4732 eet
854 4665 982 4753 ingredi
1006 4667 1096 4734 viam
1118 4666 1220 4748 vitae;
1242 4667 1372 4734 facilius

318 4773 369 4836 661
390 4767 479 4836 enim
501 4767 628 4836 retrahi
661 4767 703 4833 ab
729 4767 887 4856 ingressui,
911 4789 1010 4854 quam
1033 4767 1077 4836 ab
1099 4775 1231 4856 arrepto
1252 4769 1371 4838 itinere

407 4879 500 4930 05⁷⁵.
1214 4896 1237 4944 Ε
