3530 5790
641 911 878 962 sncnsrssoss
902 913 945 962 or
967 911 1071 962 ross.
1315 902 1378 963 315

327 1099 593 1188 frequentatione
623 1099 715 1166 erat¹
740 1100 969 1176 famosissima,
992 1099 1174 1165 multorum
1197 1100 1378 1186 emporium

326 1205 521 1290 populorum
545 1209 633 1269 terra
655 1203 803 1288 marique
826 1204 868 1268 ad
902 1225 973 1268 eam
1008 1203 1254 1268 confluentium.
1301 1201 1379 1267 Non

326 1311 437 1371 autem
476 1305 657 1372 Cantuaria
694 1306 765 1370 ita‘
798 1304 944 1371 Eboreca
978 1327 1056 1370 vero
1094 1311 1128 1370 et
1165 1305 1237 1391 ipsa
1275 1306 1379 1370 totius

326 1408 537 1494 aquilonalisi
559 1415 595 1474 et
617 1407 886 1494 septentrionalis
909 1408 1094 1472 Britanniae
1117 1407 1235 1473 civitas
1258 1407 1378 1493 prinei-

326 1511 420 1596 palis‚
444 1512 661 1596 omniumque
684 1511 722 1574 in
745 1531 784 1575 eo
807 1509 878 1574 caeli
902 1508 1037 1576 tractu³
1060 1509 1192 1576 urbium
1215 1510 1377 1596 antiquis·

325 1613 417 1690 sima,
439 1614 620 1679 multarum
643 1609 861 1676 inundatione
884 1633 994 1676 rerum
1018 1617 1090 1677 erat
1113 1611 1376 1691 celebratissima,

324 1715 380 1778 sed
403 1735 464 1780 nec
495 1715 543 1779 ita
576 1713 766 1780 Oantuaria.
814 1712 935 1798 Itaque
967 1713 1054 1779 sicut
1087 1712 1262 1799 praedictas
1294 1715 1376 1780 duas
1389 1720 1523 1771 Yorkand

323 1816 477 1882 civitatee
515 1822 584 1882 iam
619 1815 821 1900 antiquitate
854 1820 889 1879 et
921 1837 1031 1879 rerum
1064 1814 1244 1900 opulentia,
1276 1837 1375 1901 quam
1389 1788 1543 1918 fflffles,

323 1920 520 2006 populorum
554 1919 741 2004 frequentia
775 1917 953 1984 Britannia
984 1940 1053 2005 pree
1075 1920 1203 1984 ceteris
1225 1921 1375 1986 nomina·
1388 1921 1504 1997 torena.

322 2024 467 2088 tissimus
489 2022 644 2100 habehat,
667 2021 717 2086 ita
739 2021 994 2086 discretissimus
1019 2027 1116 2107 pater
1138 2022 1221 2088 duos
1244 2021 1375 2108 Angliae
1388 1991 1519 2113 qqqppnu

322 2126 592 2212 metropolitanos
626 2122 927 2211 archiepiscopatus
961 2125 1054 2189 sedes
1093 2125 1129 2188 in
1169 2125 1216 2189 eis
1254 2125 1373 2191 habere
1387 2122 1542 2236 ¹¹⁰²b⁸⁰9²¹r

322 2229 520 2305 decreverat,
542 2247 743 2312 quamquam
774 2247 834 2312 pro
859 2232 1005 2311 tempore
1028 2230 1063 2290 et
1096 2225 1166 2293 loco
1199 2231 1234 2290 et
1265 2249 1373 2325 rerum
1387 2194 1426 2236 Μ
1444 2203 1499 2254 ur).

322 2335 446 2395 eventu
469 2329 568 2393 aliter
590 2325 772 2394 acciderit.4

366 2432 507 2497 Sanctus
542 2431 629 2495 enim
652 2429 871 2516 Augustinus,
894 2450 972 2492 mox
1007 2433 1046 2494 ut
1068 2429 1110 2494 ad
1143 2451 1252 2516 regem
1276 2430 1371 2496 Edel-
1387 2429 1542 2508 stemm-

320 2534 450 2599 bertum
474 2534 637 2619 pervenit,
661 2534 808 2598 donante
831 2531 945 2596 eodem
969 2553 1056 2619 rege,
1073 2533 1242 2617 (quamvis
1264 2499 1541 2618 adhucffigsiiedn„

321 2638 472 2722 pagano)
507 2644 686 2699 mansionem
719 2644 750 2697 in
783 2643 901 2698 civitate
925 2643 1139 2698 Dorobemensi
1173 2635 1307 2720 accepit,
1339 2643 1373 2700 et
1385 2631 1500 2748 ffiffitw

215 2736 221 2749 ·
320 2743 495 2824 postquam
530 2759 588 2824 per
619 2737 691 2822 ejus
722 2735 991 2822 praedicationem
1013 2735 1056 2799 ad
1092 2734 1262 2800 Christum
1296 2759 1372 2802 con·
1386 2763 1491 2814 Canter-

321 2863 434 2906 versus
456 2845 516 2917 est,
539 2839 679 2904 donavit
701 2837 831 2903 eidem⁶
864 2837 953 2901 idem
986 2857 1044 2901 rex
1068 2837 1179 2902 sedem
1211 2839 1372 2924 archiepi-
1385 2831 1450 2894 bury
1461 2833 1496 2880 δ’

1386 2850 1523 2949 Ethelbirs.

321 2942 482 3028 scopalem
515 2941 551 3004 in
585 2941 700 3005 eadem
735 2939 872 3004 civitate
905 2937 1157 3016 Dorobemensi‚
1189 2941 1268 3024 quia
1300 2963 1373 3026 ipsa

320 3049 392 3111 eret
414 3045 518 3110 totius
541 3044 634 3129 regni
666 3043 718 3108 sui
751 3041 950 3128 metropolis.
987 3041 1159 3107 Londonia
1182 3045 1271 3108 enim
1306 3044 1493 3131 non-1⁴0⁰&n

321 3151 372 3214 sui
390 3149 477 3234 juris
500 3153 571 3212 erat
594 3152 633 3210 ut
667 3146 702 3209 in
735 3166 773 3210 ea
805 3144 1096 3229 metropolitanam
1120 3145 1228 3209 sedem
1252 3148 1371 3211 consti-
1386 3123 1493 3227 fflff‘

320 3257 438 3326 tuerat,
461 3249 519 3314 sed
540 3255 611 3314 crat
635 3246 826 3334 metropolis
849 3246 944 3332 regni
966 3245 1053 3330 regis
1078 3244 1217 3310 Siberti⁶
1238 3249 1371 3334 nepotis
1384 3242 1538 3361 ¹l‘litlpepert’s

320 3353 379 3417 sui.
441 3351 585 3436 Ideoque
620 3354 744 3414 extunc
778 3347 920 3414 Sanetus
952 3348 1163 3434 Augustinus
1197 3351 1234 3414 in
1268 3350 1371 3415 Doro·
1429 3325 1513 3375 ⁸⁰¹²

620 3489 906 3500 —-.....--.--—--

353 3549 449 3614 ἐπεὶ]
470 3549 563 3600 oruc.
871 3548 947 3597 Beda
960 3547 1051 3611 primo,
1060 3554 1149 3612 quarto
1158 3547 1276 3611 capitulo.
1310 3551 1371 3602 Post

354 3629 365 3661 ²
379 3625 544 3693 aquilonalis]
563 3626 727 3692 aquilonaris,
738 3627 773 3676 A.
786 3627 819 3676 D.
869 3625 945 3676 istum
956 3626 1059 3677 inerunt
1073 3635 1131 3677 ante
1150 3627 1301 3690 Gregorium
1318 3629 1370 3679 xlv.

318 3709 347 3758 F.
869 3721 951 3770 papas,
962 3708 996 3756 A.
1009 3708 1040 3756 B.
1054 3707 1083 3758 C.
1096 3708 1130 3756 D.
1142 3708 1173 3756 E.
1185 3709 1214 3757 F.
1249 3706 1372 3758 Foilowed

350 3789 531 3850 insaniamque
548 3788 573 3834 in
593 3802 621 3835 eo
643 3784 697 3834 ccli
717 3785 814 3850 bactu]
869 3783 900 3847 by
929 3785 1044 3835 Fuerunt
1079 3790 1140 3834 tunc
1176 3785 1203 3834 iu
1238 3784 1372 3836 Britannia

317 3862 818 3930 multarumquisinescaelicontractu,
868 3863 956 3914 xxviii.
985 3865 1111 3926 flamines,
1147 3881 1247 3918 necnon
1282 3875 1307 3916 et
1335 3867 1369 3916 iii.

318 3945 348 3994 B.
362 3945 394 3994 D.
407 3945 437 3995 F.
451 3945 483 3996 G.
867 3943 1063 4006 archiflamines,
1080 3951 1106 3994 et
1125 3946 1183 3994 loco
1200 3957 1287 3994 eorum
1305 3946 1371 4009 epis-

350 4025 359 4056 ⁴
377 4023 509 4089 condent]
530 4023 723 4074 Memorandum
741 4021 817 4072 etiam
867 4037 943 4088 copos
954 4031 980 4076 et
991 4023 1199 4089 archiepiscopos
1218 4025 1370 4076 ordinabant

317 4107 376 4168 (om.
394 4103 424 4155 O.
435 4103 484 4162 E.;
501 4103 579 4153 etiam
599 4109 684 4152 nmen
702 4108 750 4163 est,
767 4099 815 4162 G.)
867 4102 946 4153 sancti
958 4105 1075 4154 docwres
1095 4103 1215 4166 (scilicet,
1227 4103 1274 4165 G.)
1286 4105 1369 4172 Fsga-

315 4185 509 4248 qucdtempore
521 4179 593 4232 Lucii
606 4178 729 4246 regisfllii
742 4179 816 4243 Coyli
866 4199 914 4233 nus
925 4191 951 4234 et
961 4181 1148 4244 Dsmisnus,B.
1157 4183 1186 4236 C.
1196 4183 1229 4235 G.
1263 4185 1296 4236 G.
1307 4187 1369 4235 adds

315 4270 464 4326 receperunt
491 4259 573 4324 primo
601 4258 719 4310 Britones
741 4258 816 4308 tidem
866 4269 892 4310 et
919 4269 978 4312 tanc
1005 4269 1078 4311 erant
1106 4262 1134 4310 in
1157 4260 1292 4312 Britannia
1316 4271 1368 4313 tres

317 4340 421 4400 Christi,
443 4339 587 4404 postulante
614 4339 703 4388 eodem
725 4337 814 4396 Lucio,
865 4341 937 4391 sedes
977 4339 1214 4404 archiepiscopales,
1252 4340 1369 4392 videlicet

316 4419 400 4470 missis
422 4417 448 4466 in
472 4417 593 4482 Angliam
616 4418 648 4466 ab
669 4414 814 4466 Eleutherio
866 4419 1017 4479 lundoniis,
1029 4419 1150 4478 Eboraci,
1162 4427 1187 4468 ct
1201 4419 1280 4470 Urbis
1292 4419 1368 4485 Legi-

314 4511 381 4560 papa
394 4495 469 4558 (xiiii.
482 4511 498 4545 a
510 4496 589 4546 Beato
607 4494 692 4552 Petro,
711 4491 776 4542 Lino
789 4503 813 4542 et
864 4513 949 4546 onum.

316 4575 388 4628 cleto
400 4575 564 4638 computatis)
578 4575 640 4624 viris
652 4574 776 4638 religiosis
788 4581 814 4623 et
897 4576 907 4608 ⁶
924 4575 1011 4640 sidera]
1032 4575 1063 4636 ei,
1075 4575 1104 4626 C.
1117 4575 1146 4625 Ε.
1160 4577 1193 4626 G.

316 4655 447 4705 catholicis
458 4655 562 4720 Fagano
573 4663 598 4703 et
609 4653 735 4704 Damione
747 4668 814 4703 anuo
897 4653 907 4686 ⁶
926 4653 1032 4718 Sitarti]
1054 4653 1164 4716 Saberti,
1183 4655 1218 4704 A.
1237 4654 1268 4705 B.
1289 4655 1322 4706 D.
1334 4658 1365 4707 Ε.

314 4734 346 4782 ab
358 4731 529 4782 incarnatione
550 4731 653 4780 Domini
664 4732 732 4793 clvi,
749 4731 814 4781 sicut
864 4735 893 4785 F.
907 4733 939 4783 G.

314 4812 341 4862 in
354 4809 470 4862 Cronicis
487 4811 637 4872 continetur,
657 4817 683 4864 et
701 4810 729 4862 in
749 4807 813 4860 libro
