3530 5790
432 881 495 944 392
691 893 791 941 ulvas
814 890 857 940 os
880 886 950 940 ras
972 885 1211 940 snossrsuors

393 1061 399 1072 ¹
432 1079 626 1144 Innocentio
654 1077 815 1154 Secunde,
838 1077 1005 1142 Gelestino
1035 1075 1195 1151 Secundo,
1226 1079 1261 1139 et
1290 1071 1391 1138 Lucio
1422 1070 1480 1135 Se·

431 1183 539 1247 cundo
570 1203 629 1267 per
653 1202 757 1246 annos
788 1180 934 1266 quinque
957 1185 991 1244 et
1020 1177 1163 1264 amplius
1186 1175 1299 1242 debito
1329 1193 1483 1262 processu

432 1290 591 1361 currente,
613 1283 698 1347 nihil
721 1283 896 1348 inventum
920 1281 1081 1366 estquod
1110 1281 1182 1366 ejus
1204 1277 1482 1344 consecrationem

269 1396 378 1445 Murduk
432 1387 566 1451 deberet
596 1386 757 1471 elongare.
805 1376 952 1449 Verum¹
981 1405 1130 1450 summus
1160 1386 1273 1468 pastor
1303 1377 1481 1464 Eugenius

263 1464 400 1578 {ffipffl
433 1487 659 1554 Oisterciensis
690 1486 815 1551 ordinis
838 1484 1028 1562 monachus,
1050 1505 1138 1548 anno
1161 1481 1345 1548 Dominieae
1374 1479 1483 1544 incar-

264 1596 419 1727 :pprppgiebr
431 1589 577 1654 nationis
615 1605 769 1664 neum„
807 1587 842 1652 in
881 1608 1001 1674 papam
1039 1590 1255 1660 consecratus,
1288 1581 1483 1648 electionem

432 1773 861 1783 --.›-.—.---—-——--—----
882 1772 1014 1778 ———-—-
1043 1767 1374 1778 ---·--——----—·-—
1397 1765 1481 1770 —--

432 1889 592 1945 minentem
623 1889 747 1958 gratiam
772 1888 802 1942 in
834 1905 964 1943 sermone
988 1887 1139 1958 sapientiae
1158 1885 1279 1957 adeptus
1310 1883 1483 1940 aDomino.

433 1980 592 2034 Defunctus
623 1985 666 2032 est
688 1978 777 2032 etiam
801 1977 941 2032 Ricardus
964 1976 1116 2040 secundus,
1147 1975 1235 2030 abbas
1257 1975 1292 2029 de
1323 1964 1482 2028 Fontibus.

434 2069 595 2123 Transtulit
619 2067 654 2121 ad
687 2068 817 2136 regimen
858 2067 913 2121 loci
944 2065 1024 2120 illins
1060 2063 1224 2120 Bsrirardus
1262 2063 1485 2119 clarevallensis

434 2159 593 2212 Henrieum
642 2156 767 2210 Mardak
812 2155 944 2210 abbatem
986 2155 1082 2210 Vallis
1120 2155 1224 2219 Clarae,
1268 2153 1484 2225 praeeelleutem

434 2248 601 2316 frugalitate
631 2245 867 2309 conversationis,
891 2251 959 2299 ante
998 2244 1202 2299 monachatum
1235 2243 1287 2297 sub
1325 2241 1484 2296 venerabili

433 2337 647 2407 archiepiscopo
670 2335 837 2400 Thurstino,
861 2341 921 2388 tam
945 2335 976 2387 in
999 2334 1170 2389 Ehortcensi
1194 2333 1314 2388 ecclesia
1336 2350 1421 2402 qnam
1452 2331 1485 2383 in

434 2424 654 2494 circumjacente
670 2423 829 2495 provincia,
845 2442 880 2478 ex
896 2424 972 2478 dono
988 2429 1140 2494 parentum
1156 2423 1313 2478 honoribus
1328 2427 1358 2476 et
1372 2421 1486 2474 divitiis

435 2516 649 2585 locupletatum.

480 2605 675 2674 Reassumpta
708 2614 785 2678 ergo
821 2601 996 2657 confidentia
1026 2607 1224 2656 convenerunt
1257 2601 1307 2672 qui
1341 2599 1484 2654 adversati

435 2695 549 2748 fuerant
579 2693 727 2747 Willelmo
760 2691 985 2763 archiepiscopo,
1018 2697 1048 2746 et
1081 2709 1146 2746 eum
1179 2691 1221 2746 cis
1255 2690 1323 2744 isto·
1341 2689 1486 2743 Hem-icus

435 2772 587 2849 Murdak,
622 2782 780 2852 plurimum
819 2798 997 2852 praesumens
1028 2782 1083 2835 sibi
1116 2781 1152 2835 de
1189 2781 1284 2851 gratia
1315 2778 1486 2850 Apostolici.

435 2872 544 2940 Quibus
568 2871 742 2925 instantibus
770 2865 801 2924 iri
824 2871 1018 2940 appellatione
1040 2871 1176 2926 adversus
1199 2869 1322 2924 eundem
1345 2867 1486 2939 archiepi-

435 2979 552 3032 scopum
567 2961 785 3023 Eboracensem,
802 2959 956 3014 Hismarus
976 2966 1125 3014 revocatus
1141 2960 1262 3014 Romam
1282 2957 1377 3021 rediit,
1401 2958 1486 3028 palli·

436 3068 539 3121 umque
562 3050 727 3120 reportarit.

479 3139 566 3194 Anno
579 3139 697 3192 Domini
715 3137 855 3207 [akran.
869 3139 1033 3192 Willelmns
1045 3137 1275 3209 archiepiscopus
1285 3136 1485 3208 Apostolieum

436 3229 599 3299 Eugenium
614 3228 696 3292 adiit,
713 3229 758 3282 sni
773 3227 859 3282 officii
883 3228 1104 3299 plenitudinem,
1121 3227 1151 3282 id
1174 3232 1218 3282 est
1240 3227 1371 3298 pallium,
1388 3233 1484 3297 postu-

436 3319 554 3372 laturus.
592 3307 853 3372 Auxih'abantur
868 3317 895 3372 ei
911 3318 1053 3372 instanter
1068 3317 1206 3386 suffragia
1222 3317 1345 3371 Romani
1361 3321 1484 3371 senatus.

437 3406 559 3479 Scripsit
573 3425 642 3462 rere
666 3406 802 3461 adversus
824 3424 891 3461 eum
914 3405 1077 3460 Bernardus
1093 3405 1324 3470 Olareralleusis‚'
1341 3406 1387 3459 eui
1407 3405 1484 3476 Apo·

436 3497 553 3551 stoliens
577 3497 658 3566 quasi
681 3501 831 3567 peecatum
854 3495 996 3550 ariolandi
1019 3496 1166 3566 reputavit
1189 3495 1237 3549 rel
1259 3511 1420 3566 repugnare
1438 3495 1485 3548 rel

437 3585 640 3650 contradicere,
657 3590 687 3640 et
702 3585 783 3656 quasi
806 3586 898 3640 scelus
922 3585 1063 3639 idolatriae
1087 3585 1165 3639 uolle
1180 3585 1366 3654 acquiescere.
1405 3584 1485 3638 Fuit-

436 3693 490 3746 que
521 3676 550 3728 ia
578 3675 713 3744 angustia
742 3675 831 3728 animi
860 3675 980 3745 positus,
1005 3673 1084 3738 dum,
1108 3674 1246 3728 &astrata
1269 3662 1485 3728 Romanorum²

437 3765 586 3830 sententia,
602 3764 713 3818 abbatis
728 3763 859 3817 eousulto
878 3764 997 3834 praelert
1014 3764 1185 3818 satisfacere.
1232 3762 1374 3834 Proeeepit
1390 3764 1486 3833 itaque

437 3854 552 3907 tandem
568 3853 691 3908 eundem
706 3842 903 3906 Willelmurn
919 3853 955 3905 ah
971 3852 1063 3908 officio
1082 3852 1237 3923 episcopali
1261 3869 1379 3916 cessare,
1396 3851 1486 3906 donee

437 3932 615 3998 Willelmus
638 3943 787 4012 episcopus
814 3941 1027 4005 Duuclmensis‚
1052 3941 1197 4011 quondam
1225 3941 1411 3996 Eboraeensis
1437 3939 1484 3995 dc·

437 4050 534 4098 canus,
558 4031 715 4086 seeundum
738 4031 886 4085 decretum
917 4031 1082 4085 Innocentii
1112 4047 1196 4101 papas
1227 4036 1405 4085 sacramento
1435 4048 1486 4084 suo

438 4121 504 4176 huie
520 4121 721 4176 contrauersim
741 4119 828 4174 linem
844 4110 972 4174 faceret.
1020 4119 1131 4176 Videas
1146 4137 1215 4189 ergo
1232 4119 1308 4174 idem
1323 4119 1487 4174 Willelmns

438 4217 555 4265 renatus
570 4228 635 4264 suos
649 4227 830 4280 nequaqnam
849 4209 1019 4279 prosperari,
1036 4209 1074 4263 ad
1089 4209 1235 4282 Rogerum
1253 4226 1350 4278 regem
1368 4207 1486 4274 Sieiliae,

438 4305 591 4370 cognatum
616 4317 709 4364 suurn,
734 4298 862 4364 divertit,
886 4303 916 4352 et
938 4317 1004 4352 cum
1027 4316 1061 4352 eo
1084 4299 1218 4368 plurimis
1240 4297 1341 4353 diebus
1363 4315 1486 4353 eommo-

438 4397 516 4443 ratus
538 4395 589 4443 cst.
635 4389 800 4443 Afflictione
815 4393 912 4442 autem
928 4386 1057 4457 ejusdem
1072 4377 1225 4442 Willeimi
1242 4387 1359 4458 quidam
1379 4387 1488 4442 militas

439 4477 643 4547 consanguinei
663 4476 725 4547 ejus
740 4478 883 4554 promoti,
900 4477 1044 4548 quandam
1059 4474 1265 4547 possessionem
1285 4477 1490 4532 monachornm

438 4567 473 4622 de
497 4568 636 4622 Fontibus
659 4585 724 4622 eum
748 4567 838 4638 copiis
860 4585 958 4638 opum,
981 4585 1045 4638 quaa
1069 4566 1110 4620 ibi
1130 4573 1213 4621 erant
1229 4565 1372 4637 congestas
1396 4584 1490 4622 serra-

472 4811 479 4846 ¹
504 4809 609 4878 Veram]
630 4813 705 4870 ande,
715 4813 748 4862 A.
949 4808 955 4878 Ι
1019 4810 1029 4842 ²
1043 4811 1199 4876 praeficias,
1210 4809 1257 4860 ius.
1272 4811 1304 4863 G.
