3606 5798
421 850 487 917 230
622 863 754 918 aarum
775 865 870 918 asom
893 867 1114 920 asosmsrror
1135 867 1252 922 amns

252 1061 387 1126 mopsus
424 1076 506 1142 quos
524 1063 715 1142 poscwruuat
731 1064 849 1147 potres
873 1059 937 1141 tusi,
960 1062 1180 1151 irreligiosum
1202 1067 1262 1144 est,
1284 1065 1325 1130 ut
1346 1061 1476 1150 episco-

252 1128 384 1259 ssifflffissof
424 1180 487 1244 pus
510 1157 725 1227 Eboracensis
747 1162 837 1228 ultra
859 1165 976 1250 pedem
998 1165 1114 1232 tendet
1136 1187 1232 1233 novae
1265 1167 1477 1253 praesumpti·

251 1261 357 1312 sorra
425 1261 506 1339 o'nis,
529 1283 629 1348 quam
651 1264 795 1332 ecclesiae
817 1287 886 1332 suae
908 1268 1050 1336 facultas
1073 1274 1145 1336 erat
1167 1273 1201 1335 et
1222 1289 1338 1336 norma
1359 1269 1477 1354 priseae

251 1327 681 1484 tga‘³n‘t²:;²{{¹yconsuetudinis.
728 1367 896 1434 Oaeterum
918 1359 1069 1457 episcopo
1092 1371 1325 1438 Cantuariensi
1347 1369 1476 1435 indebi-

255 1484 308 1533 wiu
320 1486 351 1536 be
363 1485 413 1536 aa.
424 1469 498 1530 tum
521 1471 556 1532 et
571 1473 704 1534 aeternae
720 1469 912 1556 ignominiae
927 1472 1068 1540 dedecus
1090 1475 1163 1552 erit,
1178 1474 1207 1538 si
1227 1474 1269 1539 de
1291 1471 1475 1558 privilegiis

251 1553 391 1684 ἓξὲξ
425 1569 568 1634 ecclesiae
591 1591 660 1637 suae
683 1571 860 1658 quicquam
883 1574 1056 1654 diminuat,
1072 1581 1107 1642 et
1129 1577 1219 1642 unde
1236 1575 1328 1662 juste
1350 1575 1393 1644 ab
1415 1595 1476 1641 an·

424 1669 520 1756 tique
542 1671 634 1738 illam
657 1674 850 1740 investitam
876 1677 1030 1762 repperit,
1053 1678 1183 1744 inertiae
1214 1699 1283 1744 suae
1314 1697 1475 1746 consensu

424 1773 540 1838 diebus
555 1775 625 1840 suis
651 1777 829 1863 exspoliari
856 1780 1031 1866 permittit.
1091 1790 1182 1858 Malo,
1207 1781 1320 1868 inquit
1350 1780 1474 1846 Beatus

423 1873 608 1962 Gregorius,
646 1888 785 1960 qualibet
832 1889 952 1947 adversa
985 1893 1057 1965 pati,
1089 1910 1177 1966 quam
1209 1891 1361 1950 ecelesiam
1394 1891 1475 1948 Petri

421 1987 601 2058 temporibus
634 1989 708 2045 meis
735 1990 913 2062 degenerari.
959 1983 1045 2051 Cum
1075 1986 1180 2072 igitur
1212 1985 1335 2052 Paulus
1366 1984 1473 2053 dicat:

423 2078 545 2146 Omnis
567 2079 692 2148 sabato
710 2084 930 2169 potestatibus
961 2085 1220 2155 soblbntortbas
1257 2085 1397 2156 subdita
1418 2087 1471 2166 stt,
1483 2113 1560 2174 nom.
1569 2115 1622 2170 xiii.

421 2179 508 2246 nihil
555 2182 742 2249 indebitum
778 2185 822 2251 ab
860 2187 1012 2274 episcopo
1057 2189 1256 2259 eboracensi
1300 2186 1509 2278 episeopus1·

422 2282 672 2350 cantuariensis
694 2286 893 2372 expostulat,
915 2289 981 2354 nisi
1003 2295 1043 2355 ut
1073 2291 1138 2356 sibi
1171 2292 1363 2360 canonicam
1396 2293 1474 2359 sub·

417 2385 573 2472 jectionis
602 2387 826 2455 humilitatem
860 2391 986 2472 debeat,
1020 2415 1120 2479 quam
1151 2399 1371 2463 antecessores
1404 2396 1476 2482 ejus

251 2486 399 2604 fflffit
423 2489 682 2557 antecessoribus
719 2491 788 2557 suis
824 2492 976 2580 debuisse
1020 2496 1164 2563 fideliter
1193 2503 1330 2565 constat
1376 2497 1475 2565 Unde

251 2620 341 2670 ,nom
424 2591 549 2660 Beatus
587 2593 787 2682 Gregorius:
822 2597 937 2674 Omnia,
971 2599 1091 2686 inquit,
1124 2629 1190 2684 quae
1223 2611 1384 2686 antiquitas
1414 2617 1474 2668 sta-

251 2701 370 2752 arrange
423 2703 492 2770 tuit,
515 2703 689 2761 intemerata
722 2712 883 2763 serventur.
929 2699 1058 2789 Nempe
1080 2703 1165 2769 nulli
1195 2705 1338 2790 sapienti
1360 2703 1472 2790 incog-

251 2761 386 2870 mm
422 2797 542 2876 nitum,
564 2799 658 2885 cujus
692 2799 811 2886 capitis
842 2802 1028 2868 membrum
1060 2810 1119 2885 est,
1150 2808 1209 2894 qui
1242 2809 1385 2897 propriae
1414 2827 1472 2873 va·

249 2887 394 2950 mmm
422 2901 531 2966 nitate
561 2901 776 2987 surreptionis
806 2901 944 2970 alterius
973 2905 1117 2975 ecclesia
1142 2909 1311 2996 justitiam
1342 2915 1472 2992 deterit,

422 3007 457 3068 et
479 3002 533 3068 cui
570 3007 770 3070 testamento
817 3003 1016 3075 Christianae
1047 3011 1270 3081 institutionis
1304 3017 1472 3104 subjectus

422 3108 481 3180 est,
504 3105 535 3170 ei
569 3109 686 3171 contra
717 3105 768 3172 fas
790 3107 1000 3176 rectitudinis
1033 3113 1150 3182 similis
1181 3137 1252 3183 esse
1289 3120 1468 3186 contendit

418 3206 574 3292 *Apostoli
596 3209 754 3274 nimirum
776 3213 943 3280 sententia
965 3219 1036 3281 est:
1061 3216 1131 3299 Qut
1147 3221 1308 3306 potestati
1333 3221 1469 3300 amati,
1483 3227 1577 3292 ΕΜ

252 3306 488 3437 §mg-grou
521 3308 741 3376 nabataea
778 3311 912 3380 aetati.
959 3313 1033 3383 na
1070 3323 1121 3384 ,a
1160 3321 1220 3386 a
1463 3293 1624 3404 ‚aaa

251 3440 284 3490 of
289 3440 332 3489 the
343 3439 391 3489 im·

251 3506 404 3570 pucenceof
424 3511 610 3590 tuariensis,
633 3513 720 3599 quia,
743 3514 829 3582 sicut
851 3515 977 3584 dictum
1006 3526 1064 3599 est,
1088 3522 1124 3587 in
1147 3523 1301 3610 injuriam
1325 3534 1474 3596 nostram

141 3605 143 3612 κ
253 3573 333 3623 York.

424 3613 641 3699 pauculorum
664 3615 836 3682 hominum
859 3639 948 3687 nova
968 3629 1140 3707 grassatur
1170 3627 1416 3714 importunitas,
1438 3639 1474 3699 et

423 3715 514 3784 loeus
546 3717 604 3802 qui
638 3718 782 3786 ecclesias
804 3725 926 3787 nostras
948 3721 1109 3792 hactenus
1130 3727 1289 3799 beneficio
1322 3735 1472 3822 aliquan-

420 3819 531 3884 tulum
552 3819 672 3886 habuit
694 3825 819 3887 statum
842 3823 1019 3912 religionis,
1041 3827 1079 3894 in
1100 3829 1167 3897 fine
1188 3831 1317 3899 dierum
1330 3836 1473 3922 justitiae

420 3927 543 3987 nostrae
580 3920 728 3988 detrahit
758 3923 896 3991 audacia
939 3929 1081 4018 propriae
1125 3932 1381 4005 adinventionis.
1427 3941 1472 4008 Et

428 4029 515 4090 certe
536 4044 605 4089 non
635 4024 800 4090 immerito
832 4027 915 4093 moti
947 4049 1070 4109 sumus,
1094 4033 1174 4120 quia
1207 4039 1335 4124 patriae,
1359 4047 1400 4108 ut
1422 4044 1471 4109 ita

428 4125 545 4204 dicam,
567 4130 736 4191 extremus
762 4127 904 4213 angulus
926 4129 963 4194 in
994 4133 1130 4202 ecelesia
1160 4135 1225 4204 Dei
1259 4140 1473 4211 dissensionis

422 4227 539 4292 intulit
561 4227 754 4306 molestiam,
777 4234 812 4295 et
833 4235 905 4296 tam
927 4239 1120 4322 perpetuam
1150 4241 1294 4312 ecclesiae
1326 4245 1473 4314 Cantus·

254 4325 405 4444 {003ss
423 4329 541 4444 riensis
563 4329 693 4396 abolere
715 4331 837 4397 nititur
859 4333 1083 4404 eminentiam.
1129 4340 1278 4422 Quodsi
1302 4346 1473 4438 hucusque

254 4457 361 4522 fieoby
425 4433 557 4516 lgHOrab
578 4430 732 4510 Eboraoa,
756 4434 837 4518 quid
843 4435 916 4521 jam
938 4459 997 4523 per
1011 4443 1270 4531 quadringentos
1286 4455 1320 4515 et
1342 4473 1381 4518 eo
1402 4473 1474 4519 am-

253 4524 513 4640 fflssssssrffpfiffl
546 4552 650 4596 annos
680 4533 886 4602 utilitatibus
917 4539 985 4605 suis
1024 4542 1206 4614 Cantuaria
1230 4553 1382 4633 contulit,
1416 4555 1471 4621 vel

253 4659 303 4706 400
314 4671 394 4722 years.
425 4633 506 4719 quid
528 4633 600 4720 ipsa
622 4632 813 4703 Cantuariae
835 4638 961 4720 debuit,
983 4643 1044 4708 vix
1075 4647 1139 4712 erit
1161 4656 1201 4715 ut
1231 4655 1470 4727 assertionibus

423 4737 544 4804 nostris
566 4735 697 4804 credere
721 4737 833 4807 velint.
878 4741 1031 4813 Publicos
1054 4753 1089 4814 et
1121 4757 1249 4820 veteres
1270 4759 1380 4844 gentis
1402 4761 1473 4832 An·
