3410 5840
577 919 758 984 ursaonae
781 921 806 968 s.
831 902 1013 972 ornamur.
1254 909 1320 977 537

265 1105 428 1191 loquelam
462 1105 503 1170 ad
538 1105 698 1172 Sanctum
731 1105 934 1174 Willelmum
970 1128 1176 1198 recuperasse
1208 1107 1435 1224 dinoe'lffia

266 1207 359 1273 citur.
1437 1209 1443 1223 ·

311 1313 361 1376 30.
387 1309 525 1376 Femina
558 1311 710 1396 quadam
734 1311 776 1376 de
803 1311 935 1389 Wilton,
959 1313 1055 1377 annis
1078 1333 1144 1390 sex,
1168 1313 1255 1380 sicut
1278 1313 1319 1378 de
1332 1309 1440 1360 aolino

265 1411 463 1497 quibusdam
487 1413 528 1477 de
552 1411 666 1477 eadem
689 1411 771 1477 villa
793 1413 994 1478 testantibus
1017 1419 1144 1479 certum
1166 1414 1319 1480 habitum
1331 1389 1431 1492 {23¹⁰

266 1519 325 1590 est,
349 1513 422 1578 visu
456 1514 582 1590 orbata,
605 1513 719 1578 eadem
753 1513 938 1580 festivitate
970 1515 1080 1580 visum
1113 1515 1236 1580 ibidem
1268 1507 1437 1581 wulrtan.

266 1617 444 1704 superavit.

312 1721 363 1784 31.
387 1717 464 1784 Alia
487 1717 638 1802 quiedam
662 1719 703 1782 de
727 1717 840 1802 Nuby,
863 1717 961 1783 anuis
984 1717 1113 1783 duobus
1136 1713 1359 1806 paralyticaA
1372 1726 1444 1776 pera-

266 1820 363 1896 facte‚
389 1818 452 1884 hac
483 1819 597 1883 cadem
631 1818 818 1884 festivitate
852 1818 895 1884 ad
930 1817 1090 1884 Sanctum
1114 1819 1319 1886 Willelrnum
1331 1779 1468 1895 imm

266 1921 409 1986 sanitate
432 1925 564 2004 recepta
586 1920 638 1984 sui
661 1939 793 2005 compos
814 1919 931 1986 effecta
954 1927 1011 1985 est.
1331 1911 1436 1976 nemoy.

313 2023 363 2086 32.
388 2020 474 2086 Item
506 2019 573 2086 alia
606 2020 767 2105 quaedam,
799 2019 946 2086 Albreda
983 2021 1123 2098 nomine,
1158 2022 1199 2087 de
1234 2021 1319 2110 Gys·
1333 2019 1456 2078 Albam,

268 2123 380 2198 burne,
407 2121 518 2208 lapide
554 2121 681 2186 diutius
713 2127 845 2198 vexata,
869 2121 1010 2188 eundem
1033 2123 1176 2208 lapidem
1211 2125 1251 2189 de
1285 2099 1459 2201 seiallilman

267 2223 391 2289 abscidi
415 2223 544 2298 fecerat,
561 2223 656 2309 eique
672 2245 714 2288 ex
728 2222 791 2290 hae
805 2223 1003 2290 abscissione
1020 2225 1150 2302 accidit,
1164 2232 1204 2290 ut
1226 2227 1323 2292 annis
1336 2217 1473 2270 Gisbmne.

268 2331 393 2412 septem
433 2327 563 2389 urinam
601 2324 793 2390 nullatenus
832 2325 986 2410 deinceps
1024 2327 1166 2392 retinere
1203 2335 1321 2414 posset.

270 2425 353 2490 Cum
375 2425 479 2514 igitur
494 2427 591 2490 snnis
613 2425 767 2512 plurimis
783 2426 845 2491 hac
868 2427 1121 2512 importunitate
1135 2435 1323 2506 vexaretur,
1396 2454 1400 2463 ·

269 2527 412 2604 tandem,
452 2528 537 2592 sicut
575 2527 716 2612 ipsamet
758 2527 907 2605 asseruit,
951 2526 1128 2592 dormienti
1166 2531 1323 2616 apparuit

269 2634 402 2694 sauctus
441 2628 571 2712 Martyr
606 2627 757 2704 Thomas,
790 2649 926 2693 monens
958 2649 1031 2694 earn
1061 2635 1101 2694 ut
1133 2651 1207 2696 cum
1240 2654 1323 2718 prue-

269 2735 387 2816 parata
409 2729 478 2802 sibi,
497 2749 592 2794 cruce
623 2729 666 2794 ad
689 2749 765 2792 eum
798 2727 934 2794 veniret.
981 2727 1046 2796 Illa
1077 2751 1164 2808 vero,
1195 2732 1323 2798 risione

270 2851 338 2895 non
361 2830 519 2916 neglecta,
544 2827 768 2906 Cantuariam
792 2829 862 2894 sine
886 2849 979 2896 cruce
997 2819 1118 2908 tamen,
1134 2831 1325 2912 festinavit3

270 2932 383 3017 ibique
415 2933 558 2997 sanitate
593 2952 660 2996 non
699 2935 830 3016 recepta
869 2931 1003 2996 domum
1041 2941 1178 3018 cogente
1212 2935 1325 3021 inopia

269 3032 375 3098 rediit.
422 3032 572 3096 Audiens
587 3051 665 3096 vero
689 3031 823 3096 tandem
847 3031 1006 3116 plurimos
1027 3033 1116 3118 apud
1139 3035 1324 3102 Eboracum

270 3155 329 3219 per
367 3133 508 3198 Beatum
547 3131 751 3196 Willelmum
790 3131 832 3196 ad
871 3132 1049 3197 sanitatem
1087 3135 1228 3212 restitui,
1266 3136 1337 3202 illo'

270 3234 384 3300 venire
429 3253 497 3298 non
536 3231 678 3310 distulit,
716 3231 869 3316 factoque
907 3234 1069 3298 secerdoti
1116 3241 1323 3320 peccatorum

270 3355 404 3400 suorum
428 3331 639 3411 confessione,
662 3338 697 3397 ct
727 3332 924 3398 infirmitate
946 3333 1093 3420 ejusdem
1115 3337 1325 3404 certitudinis

271 3457 371 3503 causa
401 3437 477 3502 visu
510 3433 733 3499 sacerdotisa
765 3432 896 3498 feminis
928 3433 1085 3522 legitimis
1118 3445 1242 3507 secreto
1274 3440 1324 3504 in·

271 3539 396 3624 quisita
418 3542 453 3601 et
475 3536 616 3621 cognita,
640 3534 755 3600 eadem
771 3533 954 3601 festivitate
978 3537 1104 3602 meritis
1127 3541 1326 3605 sanctissimi

271 3639 376 3724 patris
399 3635 558 3701 Willelmi
581 3635 758 3700 sanitatem
782 3635 997 3720 recuperavit,
1018 3637 1241 3724 plurimisque.
1257 3641 1325 3706 die-

272 3741 334 3804 bus
356 3759 432 3806 cum
454 3737 529 3802 aliis
552 3735 707 3799 similiter
729 3735 853 3799 sanatis
876 3735 913 3798 in
935 3734 1093 3822 obsequio
1119 3739 1326 3806 infirmorum

271 3841 314 3908 ad
336 3839 503 3906 tumulum
528 3836 644 3902 Sancti
679 3833 838 3902 Willelmi
860 3837 1123 3904 recumbentium
1147 3843 1323 3910 sanissima

272 3940 484 4006 ministravit.

321 4045 372 4110 33.
408 4041 495 4106 Puer
533 4038 645 4115 etiam,
668 4035 831 4104 Ricardus
869 4038 1001 4105 nomine
1040 4041 1081 4106 de
1119 4043 1325 4132 Lepyngton,
1339 4054 1466 4119 Anump

273 4145 361 4210 suus
383 4140 556 4228 cujusdem
583 4137 701 4204 mnas
724 4137 764 4204 a
788 4139 987 4226 cassam,
1010 4142 1107 4207 anna
1129 4165 1189 4210 sex
1210 4122 1493 4240 groco-¹33⁰&
1518 4221 1520 4227 ,

260 4269 328 4314 sus
352 4245 505 4322 existens,
529 4249 563 4307 et
585 4241 744 4308 incurvus
770 4241 1031 4326 superineedens,
1055 4244 1169 4311 eadem
1203 4247 1324 4316 iterum
1337 4256 1463 4320 cocao)

272 4348 466 4423 festivitate,
500 4343 601 4432 gibbo
634 4347 748 4408 tamen
779 4342 816 4406 in
848 4342 944 4409 dorso
976 4353 1174 4426 remanente,
1197 4358 1325 4418 erectus

272 4455 331 4527 est,
355 4469 496 4534 seseque,
520 4467 559 4512 ec
581 4445 610 4510 si
644 4443 730 4510 nihil
752 4441 831 4510 mali
865 4443 1042 4524 habuisset,
1066 4447 1220 4518 facillime
1252 4473 1325 4520 eur.

273 4571 351 4618 vare
374 4554 409 4618 et
431 4549 554 4635 erigere
577 4547 669 4611 visus
692 4550 750 4612 est

318 4655 369 4720 34.
393 4651 526 4718 Accidit
560 4649 674 4734 itaque
696 4667 784 4714 anno
818 4645 921 4714 Verbi
952 4650 1115 4718 incarnati
1149 4653 1324 4725 millesimo
1339 4649 1463 4708 ⁰l¹fl⁰w⁸

273 4753 503 4824 trecentesimo
526 4757 654 4828 octavo,
676 4749 713 4815 iu
744 4755 858 4816 sancta
890 4751 1075 4837 septimana
1108 4716 1459 4838 Pentecostes,iiiiii}e

1338 4853 1411 4904 laos.
