3586 5802
414 864 479 928 206
570 877 720 928 nrsroar
743 878 788 928 or
811 877 905 928 roua
926 875 1165 930 sscnmsrrors
1187 878 1231 927 or
1253 877 1349 930 roan

413 1060 596 1139 nobiscum,
610 1061 697 1126 nihil
719 1081 798 1127 vero
821 1081 897 1128 cum
919 1060 987 1126 illis
1003 1060 1109 1128 faeere
1132 1062 1268 1128 tandem
1291 1062 1339 1128 eis
1360 1061 1471 1128 visum

415 1167 472 1226 esi.
519 1162 648 1228 Deinde
671 1163 812 1250 epistola
835 1162 977 1229 Honorii
1000 1184 1095 1249 papae
1118 1163 1162 1228 ad
1185 1162 1362 1229 Paulinum
1386 1163 1469 1228 Ebo-

415 1285 581 1330 recensem
604 1269 639 1329 eh
661 1264 848 1330 Honorium
864 1264 1136 1331 Oanbuariensem
1151 1265 1411 1351 archiepiscopos
1429 1265 1470 1330 de

415 1366 598 1452 palliorum·
619 1366 793 1446 missione3
816 1371 850 1433 ei
880 1363 1069 1434 deviceris
1091 1368 1179 1432 inber
1202 1366 1471 1452 metropolitanos

246 1473 392 1526 Andthose
415 1468 668 1535 consecratione.
738 1469 818 1534 Posi
854 1469 947 1536 illam
984 1469 1078 1535 leciae
1116 1475 1197 1534 suni
1233 1469 1339 1535 literae
1376 1489 1471 1555 papae

246 1541 382 1667 ffippn,
416 1569 546 1637 Urbani
577 1571 621 1637 ed
655 1570 815 1636 Thomam
847 1571 1127 1658 archiepiscopum
1164 1572 1205 1638 de
1239 1571 1471 1658 redargutione

248 1674 374 1790 Gepsspus
417 1673 628 1760 professionis
651 1673 793 1758 injustae.
831 1673 950 1739 Postea
972 1694 1051 1740 vero
1074 1674 1178 1741 literae
1193 1695 1290 1762 papae
1305 1673 1471 1741 Paschalis

246 1747 351 1872 {begui
418 1781 452 1841 ei
476 1775 598 1841 Gelesii
621 1781 655 1841 eb
677 1775 851 1862 praesentis
867 1774 994 1842 Oaiixbi
1020 1777 1065 1842 ad
1087 1776 1302 1863 Radulphum
1325 1777 1471 1844 Oenius-

248 1889 322 1939 rore·
418 1879 559 1944 rienscm
593 1883 628 1944 ci
669 1879 864 1944 Tursiinum
898 1878 1144 1956 Eboracensem,
1177 1879 1228 1944 illi
1261 1879 1471 1966 prohibenbes

418 2002 461 2046 ne
497 1980 732 2067 professionem
770 1979 862 2046 illam
899 1981 1056 2067 exigeret,
1090 1980 1169 2048 huic
1205 2002 1248 2047 ne
1283 1981 1472 2062 exhiberem

419 2104 493 2169 quae
516 2083 746 2168 suprascripiae
769 2087 856 2147 suni.
903 2082 1093 2148 Novissime
1119 2087 1231 2149 autern
1262 2083 1472 2171 privilegium

419 2185 508 2270 quod
539 2185 609 2270 ipse
640 2203 727 2271 papa
750 2182 904 2250 calixtus
937 2184 1180 2272 archiepiscopo
1209 2191 1321 2251 nostro
1343 2186 1471 2252 feceras

247 2297 374 2362 uheyare
420 2285 626 2352 Scrubinium
649 2285 690 2352 de
712 2285 818 2352 liberis
841 2285 915 2352 isiis
937 2285 1072 2365 facium,
1106 2293 1141 2354 eb
1162 2287 1292 2353 nullum
1314 2287 1343 2352 si
1365 2287 1472 2353 bullas

249 2366 372 2482 {ffiffd
420 2388 588 2467 haberent,
611 2410 723 2455 omnes
758 2389 847 2454 enim
880 2389 964 2456 benc
987 2395 1157 2456 noverant.
1204 2389 1338 2455 Auditis
1359 2412 1472 2456 corum

248 2497 375 2549 lievedin·
421 2496 456 2557 eb
486 2492 608 2556 nostris
639 2491 855 2556 munimentis
877 2491 942 2556 nisi
966 2492 1054 2577 quod
1085 2497 1222 2578 uterque
1253 2493 1473 2578 praebenderai

418 2615 453 2658 se
487 2614 554 2659 non
588 2593 625 2657 in
653 2614 786 2660 causam
816 2594 946 2658 venisse
978 2593 1019 2659 de
1050 2594 1273 2659 conbroversia
1295 2615 1362 2672 sus,
1385 2595 1473 2660 inber

421 2695 694 2764 Oeniuariensem
716 2702 751 2761 et
774 2695 1012 2763 Eboracensem
1031 2696 1124 2782 jusso
1143 2697 1271 2783 judicio
1293 2697 1472 2764 secundum

421 2799 629 2865 voluntatem
652 2803 801 2865 nostram
824 2798 969 2864 decisum
991 2799 1084 2864 foret.

250 2919 388 2970 Theron
466 2900 626 2966 Videnies
658 2900 767 2968 clerici
802 2901 859 2986 qui
891 2905 987 2966 erant
1017 2921 1091 2966 cum
1128 2899 1359 2966 Oaniuariensi
1385 2901 1473 2987 quod

250 2986 399 3102 fff⁰p¹t⁹e⁸fg
422 3002 508 3068 nihil
523 3002 725 3089 proficerent,
741 3002 867 3069 clericis
881 3002 1003 3068 nostris
1018 3021 1039 3067 a
1052 3023 1129 3088 rege
1151 3002 1259 3068 minas
1281 3002 1472 3068 inferebant.

251 3067 380 3196 siffis?
424 3104 552 3186 Quibus
574 3103 643 3170 ilii:
674 3104 788 3184 “Quia
810 3104 908 3170 modo
938 3123 1044 3190 neque
1078 3105 1114 3168 in
1141 3103 1276 3190 justitia
1308 3125 1414 3191 neque
1436 3105 1473 3169 in

251 3186 339 3318 ξιζὲξξ
423 3215 440 3243 “
463 3207 603 3293 pecunia
639 3206 815 3284 confiditis,
853 3207 896 3272 ad
945 3207 1053 3270 mines
1095 3207 1243 3272 conversi
1288 3207 1377 3284 estis,
1414 3206 1472 3272 sed

422 3312 580 3394 “poiens
614 3312 665 3372 esi
696 3307 788 3374 Deus
819 3306 993 3372 defendere
1027 3327 1094 3384 nos,
1130 3313 1164 3372 ei
1195 3327 1255 3374 rex
1276 3307 1362 3372 nihil
1393 3307 1472 3374 mali

423 3416 439 3444 “
463 3409 581 3474 reddet
603 3409 778 3474 immeritis
801 3429 876 3475 cum
899 3408 1143 3495 archiepiscopo
1166 3430 1225 3474 suo
1256 3429 1315 3495 pro
1338 3409 1472 3476 ecclesia

422 3521 438 3548 “
462 3533 522 3577 sue
559 3511 814 3577 resistentibus.’'
880 3511 1134 3598 Archiepiscopo
1172 3533 1302 3598 quoque
1346 3513 1473 3578 dicbum

421 3614 488 3680 fuis
520 3614 608 3699 quod
639 3635 706 3679 non
740 3614 815 3680 ideo
838 3614 926 3699 quod
957 3613 1221 3700 archiepiscopus
1244 3619 1324 3692 erat,
1342 3614 1472 3701 justum

422 3739 491 3783 csse
522 3722 653 3803 poterat
683 3717 772 3803 quod
805 3723 905 3782 enies
926 3737 987 3781 sua
1008 3716 1113 3803 ipsius
1135 3716 1348 3782 attestatione
1370 3717 1473 3804 injus-

251 3831 404 3884 Bothereh-
423 3825 497 3885 ium
519 3818 636 3884 finereb.
682 3819 833 3904 Denique
856 3823 995 3904 uterque
1021 3818 1283 3905 archiepiscopus
1310 3819 1408 3884 simul
1429 3819 1473 3885 ed

251 3899 378 4018 ξξζξηοῗζο
424 3921 549 3988 curiam
571 3925 743 3988 venerunt„
792 3920 929 4001 Quibus,
951 3925 1115 4008 praecepto
1138 3921 1264 3986 domini
1286 3941 1390 4008 papae,
1405 3921 1473 3988 dic-

251 4033 319 4083 their
330 4034 400 4100 ung.
424 4029 499 4089 tum
521 4029 580 4102 est,
603 4023 691 4110 quod
722 4021 857 4109 quisse
879 4043 947 4090 non
977 4023 1013 4088 in
1034 4043 1167 4090 cerream
1189 4027 1322 4090 vocatos
1344 4023 1473 4090 venisse

423 4126 656 4213 praedixerant,
679 4125 854 4191 indefinita
884 4146 997 4190 corum
1031 4126 1240 4192 consentione
1264 4126 1473 4206 recedereni3

405 4229 481 4294 'sed
514 4231 585 4316 [ed]
621 4249 693 4295 eam
728 4227 958 4306 definiendam,
982 4227 1078 4309 diem,
1101 4228 1130 4292 si
1160 4227 1294 4306 vellent,
1317 4227 1372 4294 ille
1405 4234 1474 4295 sie·

422 4335 539 4397 tuerer„
606 4329 705 4396 Diem
743 4351 822 4396 vere
866 4329 1128 4417 archiepiscopus
1172 4335 1283 4396 noster
1327 4331 1474 4417 accipere

422 4433 537 4500 voluit.
594 4432 841 4500 Oaniueriensis
872 4438 993 4512 cubem,
1025 4455 1101 4520 rege
1132 4433 1326 4511 inconsulto,
1356 4433 1474 4500 noluit.

422 4534 569 4622 Accepta
590 4553 612 4602 a
634 4535 768 4603 domino
798 4555 886 4624 papa
914 4534 1057 4614 licentis,
1079 4535 1151 4623 ipse
1173 4555 1249 4604 cum
1272 4534 1377 4602 literis
1399 4534 1472 4602 'reiis

419 4635 528 4702 rediit.
