3454 5816
470 912 533 974 486
716 923 879 972 suornm
904 919 1076 969 urrerem
1100 916 1298 968 conculces

514 1109 702 1174 Annualem
726 1109 854 1174 obitum
877 1129 936 1194 pro
959 1129 992 1172 se
1016 1106 1249 1180 ministrantes,

514 1213 741 1278 Austrobertae
764 1211 904 1298 virginis
927 1211 1010 1276 festo
1034 1209 1244 1283 celebrantes,

516 1316 655 1382 Placebo
678 1339 753 1382 oum
776 1315 891 1402 Dirige
915 1315 1115 1400 Missamque
1138 1315 1317 1386 cantantes

456 1475 465 1497 s
516 1419 563 1484 Hi
587 1425 666 1484 sunt
688 1405 933 1505 imperpetuum
956 1440 1015 1504 pro
1039 1440 1073 1482 se
1098 1417 1317 1502 deprecantes.

516 1521 553 1586 Si
578 1529 693 1587 tenens
716 1521 770 1586 vel
792 1521 937 1586 famulus
959 1525 1124 1607 pastorem
1148 1517 1293 1594 offendit,

517 1623 568 1688 Ut
590 1629 685 1709 pater
706 1624 888 1689 misericors
911 1623 1003 1708 pium
1027 1645 1061 1686 se
1084 1621 1237 1686 ostendit.

517 1729 626 1814 Ipsius
650 1729 852 1814 temporibus
874 1749 947 1792 aevo
970 1749 1003 1792 se
1026 1729 1197 1813 gravante,

518 1830 731 1896 Normannise
756 1829 905 1916 partibus
928 1851 1003 1914 rege
1027 1829 1225 1903 demorante,

519 1933 705 1999 Berwicum
728 1933 919 1997 obsiderent
942 1931 1033 1996 Scoti
1056 1927 1253 2004 rebellando,

520 2035 648 2115 Quibus
671 2039 783 2099 noster
806 2033 957 2119 pontifex
979 2053 1080 2098 senex
1102 2029 1275 2104 obviando,

304 2125 424 2175 Bowett’s
520 2139 605 2205 Oum
627 2139 856 2204 archidiacono
879 2136 1069 2203 Richmund
1092 2135 1251 2221 elegante,

304 2193 461 2322 {gabinus
518 2241 639 2328 Scrcpe
663 2263 737 2306 cum
761 2241 830 2306 suis
854 2239 1023 2326 Stephano
1046 2260 1155 2305 secum
1179 2237 1363 2310 comitante,

305 2324 386 2376 sm·
521 2343 605 2409 Cum
628 2343 714 2408 clero
738 2347 772 2406 et
795 2342 916 2428 populo
939 2340 1076 2406 rebelles
1099 2340 1239 2425 fugavit,
1469 2332 1530 2400 575

519 2445 595 2510 Solo
618 2445 693 2510 visu
714 2445 867 2530 fugiunt:
890 2465 948 2509 rex
972 2444 1036 2508 iter
1058 2442 1216 2508 laudavit.

518 2547 597 2611 Post
620 2547 655 2610 in
680 2545 804 2611 Cawod
827 2546 912 2610 obiit
934 2544 1161 2608 Austrobertae
1187 2542 1280 2618 festo,

519 2649 657 2714 Eboraci
680 2648 810 2714 tumulo
834 2647 1001 2714 clauditur
1023 2647 1161 2711 honesto

519 2751 614 2816 Puris
637 2774 679 2816 ex
702 2751 870 2835 lapidibus
893 2749 1028 2835 quadris
1052 2753 1087 2814 et
1109 2747 1229 2834 politis.

519 2852 630 2918 Donet
651 2853 714 2916 sibi
738 2853 884 2937 requiem
908 2851 1070 2927 Christus,
1093 2871 1173 2914 vera
1194 2848 1293 2912 vitis!
1466 2847 1527 2908 580

519 2954 600 3019 Fere
623 2975 681 3039 per
704 2953 885 3017 triennium
908 2953 1001 3018 sedes
1020 2953 1091 3037 jam
1112 2951 1251 3026 vacavit,

521 3056 565 3120 Et
588 3078 646 3120 rex
670 3054 866 3141 temporalia
888 3055 976 3119 solus
1000 3054 1181 3138 occupavit.

519 3158 612 3224 Tunc
634 3157 804 3222 Johannes
825 3155 946 3222 nobilis
971 3156 1080 3241 Kemp
1104 3153 1312 3229 vociferatus,

519 3260 615 3324 Prius
638 3261 675 3324 in
697 3259 878 3325 Londoniis
901 3257 1022 3346 praesul
1045 3257 1247 3342 installatus,-

520 3363 564 3427 Et
587 3367 714 3427 erectus
736 3361 888 3448 pontifex
911 3359 1193 3446 metropolitanus.
1468 3356 1527 3416 585

519 3464 643 3530 Praesul
666 3463 932 3549 archipraesulem
956 3463 1127 3528 confirmat
1152 3461 1329 3536 Romanus,
1429 3457 1463 3520 li.

521 3565 684 3630 Mandane
707 3566 771 3630 sibi
793 3565 932 3651 pallium
958 3564 1123 3629 Martinus
1147 3568 1284 3639 erectus,

521 3669 632 3754 Sagen
655 3667 869 3734 cancellarius
892 3667 978 3753 regis
1001 3672 1052 3732 est
1074 3665 1232 3736 effectus..

521 3767 896 3855 Oardinalis-presbyter
920 3769 1018 3856 digne
1041 3767 1246 3844 sublimatur,

520 3871 591 3936 Sub
615 3871 765 3936 Balbino
788 3872 910 3951 titulo;
934 3871 1075 3937 siolaus
1099 3869 1295 3935 cumulatur.
1468 3867 1528 3930 590

521 3973 562 4036 In
586 3971 750 4037 Suthwell
773 3974 958 4038 manerium
981 3973 1063 4038 fecit
1085 3972 1275 4058 pretiosum,

521 4074 638 4138 Multis
660 4074 844 4140 artificibus
866 4074 963 4139 valde
987 4079 1226 4160 sumptuosum.

521 4175 629 4238 Annis
652 4173 767 4238 multis
790 4196 944 4260 prospere
967 4195 1081 4240 curam
1104 4173 1155 4237 sui
1178 4172 1287 4258 gregis

520 4275 623 4338 Rexit
646 4296 704 4359 per
722 4274 891 4357 justitiam
915 4279 949 4338 et
973 4296 1031 4360 per
1052 4294 1201 4338 normam
1225 4271 1314 4358 legis.

520 4375 667 4440 Tandem
691 4397 794 4459 usque
820 4375 974 4440 (lantiam
997 4373 1119 4460 praesul
1142 4380 1193 4439 est
1215 4371 1405 4450 translatus,
1468 4373 1527 4436 595

523 4475 596 4541 Illic
620 4476 882 4563 archiepiscopus
906 4483 957 4542 est
979 4476 1208 4542 intronizatus.

519 4578 618 4662 Apud
641 4577 804 4643 Lambeth
827 4579 921 4655 obiit,
944 4578 1039 4643 labor
1057 4579 1130 4662 jam
1154 4577 1281 4654 finitur,

520 4679 564 4743 Et
587 4679 623 4743 in
646 4680 829 4746 Cantuaria
852 4702 969 4768 eorpus
992 4681 1157 4766 sepelitur.
