3454 5816
442 865 506 927 lae
865 877 1050 928 mansura.

440 1076 646 1131 detrimentum
670 1075 804 1146 gigneret
826 1076 1000 1145 exigeretur,
1024 1075 1074 1131 sed
1109 1075 1186 1146 qaod
1219 1077 1304 1131 beate
1325 1093 1502 1131 remunera·

272 1169 426 1234 llisenergy.
439 1167 518 1222 tione
541 1167 706 1220 donaretur.
754 1167 945 1235 Quamobrem
977 1165 1054 1220 idem
1087 1165 1136 1236 qui
1172 1165 1229 1219 fuit
1260 1167 1292 1220 in
1323 1165 1503 1220 visitatione

439 1257 679 1310 monasteriorum
703 1273 767 1327 quae
792 1254 970 1320 institueret,
988 1273 1102 1326 semper
1124 1255 1241 1320 extitit;
1267 1255 1343 1310 idem
1367 1255 1398 1310 in
1421 1273 1502 1310 een-

439 1347 579 1400 solatione
603 1346 724 1399 fratrum
747 1345 820 1411 inibi
844 1345 1011 1415 degentiam
1035 1344 1184 1416 perstitit3
1209 1344 1285 1400 idem
1301 1345 1333 1399 in
1348 1350 1502 1400 sustenta-

440 1437 518 1489 tione
541 1436 658 1490 illorum
681 1435 869 1506 omniumque
892 1452 944 1489 sua
976 1451 1029 1505 ope
1064 1433 1263 1508 indigentium
1286 1434 1403 1489 mansit.
1456 1435 1500 1488 In

438 1526 521 1578 nullo
553 1525 645 1594 igitur
677 1525 842 1579 sanctitatis
876 1541 961 1595 opere
988 1524 1134 1578 defectam
1161 1541 1262 1594 passus
1296 1531 1340 1578 eet
1371 1529 1502 1595 propter

438 1633 511 1668 onus
534 1615 720 1678 sacerdotale,
744 1615 795 1668 sed
817 1621 869 1668 aut
894 1613 970 1667 idem
996 1613 1046 1683 qui
1069 1613 1165 1668 suerat
1186 1614 1325 1684 perstitit,
1350 1619 1403 1667 eut
1426 1614 1500 1684 ipso

437 1705 589 1758 sublimior
622 1705 652 1758 in
685 1703 853 1774 hujusmodi
885 1719 970 1774 opere
1002 1703 1106 1768 factae,
1140 1702 1178 1756 ad
1208 1701 1367 1758 videndum
1394 1703 1499 1758 Deum

437 1794 556 1848 deornm
580 1795 610 1848 in
636 1794 714 1865 Syen
749 1794 840 1848 aciem
874 1809 934 1847 suae
958 1792 1066 1848 mentis
1098 1791 1278 1848 indeficienti
1309 1793 1497 1864 contempla·

437 1884 516 1939 tione
539 1882 692 1953 dirigebat.

720 2103 929 2169 Carrrenon
953 2103 1208 2169 Deonscmen.

267 2269 406 2318 laomim-
481 2253 631 2336 Quodam
667 2260 812 2340 tempore
836 2259 911 2339 post
933 2253 996 2318 hoc
1029 2251 1082 2316 vir
1105 2252 1168 2317 Dei
1192 2252 1366 2320 Oswaldus
1397 2256 1496 2341 apud
1510 2263 1627 2314 Eadmcr·

268 2336 400 2451 {Leaffit‘hl'
436 2358 640 2421 Rameseiam
674 2356 710 2418 in
733 2355 848 2418 dicbus
882 2353 1104 2439 Rogationem
1127 2354 1202 2430 fnit,
1224 2369 1255 2418 et
1277 2365 1410 2420 monaehi
1432 2383 1496 2438 pro
1510 2345 1555 2393 ¹³⁹¹
1568 2337 1635 2378 Ἣ·

269 2469 385 2533 Ramsoy,
435 2475 514 2511 mere
557 2457 771 2510 nominatorum
806 2453 917 2508 dierum
962 2453 1122 2524 procedunt
1154 2453 1186 2506 in
1227 2456 1406 2524 processione
1448 2456 1495 2511 ad

435 2548 584 2600 eeclesiam
619 2547 716 2599 Beatae
741 2543 853 2606 Mariae,
878 2559 943 2613 quea
967 2543 1003 2596 ob
1026 2540 1246 2612 interjacentem
1268 2544 1403 2615 paludem
1426 2563 1493 2600 non

434 2637 491 2689 nisi
526 2638 613 2705 longo
637 2633 759 2688 ebenitn
792 2634 974 2703 persiccum
996 2631 1070 2685 adiri
1092 2633 1216 2686 valebat.
1263 2633 1321 2688 Ubi
1344 2634 1495 2690 celebrata

434 2726 532 2789 Missa,
557 2731 586 2779 ot
617 2741 634 2778 a
665 2721 801 2794 pontifice
835 2721 956 2775 solemni
989 2726 1104 2791 peracto
1138 2722 1352 2793 praedicationis
1382 2724 1491 2790 officie,

432 2815 566 2868 monachi
600 2811 812 2882 longitudinem
835 2813 892 2866 viae
927 2827 984 2881 qua
1006 2799 1147 2865 venerant
1178 2812 1349 2883 compendio
1371 2819 1491 2869 mutare

432 2907 571 2968 volentes,
594 2919 698 2956 navem
732 2900 901 2965 ascendunt,
925 2900 962 2954 ad
986 2901 1192 2956 monasterium
1216 2917 1267 2972 per
1290 2901 1409 2956 fluvium
1433 2904 1490 2973 qui

432 2993 574 3048 interfluit
596 2991 727 3046 redituri.
774 2991 884 3045 Verum
908 2987 978 3043 dum
1001 2988 1094 3060 major
1116 3005 1254 3046 numerus
1277 2991 1428 3046 hominum
1451 2993 1488 3046 in

430 3101 534 3137 navem
568 3084 691 3151 lugeret,
733 3097 820 3150 quam
852 3079 936 3134 nevis
976 3079 1051 3134 ferre
1083 3080 1203 3146 valeret,
1249 3087 1367 3136 onerate
1398 3081 1489 3136 naam

430 3174 522 3240 mergi
538 3171 636 3242 eoepit.
683 3170 847 3224 Turbantnr
862 3169 894 3222 in
908 3169 978 3222 navi
994 3168 1192 3234 consistentes,
1208 3175 1238 3224 et
1252 3171 1326 3224 mori
1341 3175 1488 3225 metuunt.

431 3262 612 3328 Exclamant,
635 3278 719 3330 opem
736 3257 818 3313 Beati
835 3258 985 3313 Benedicti
1008 3275 1042 3312 ae
1064 3257 1109 3312 eui
1132 3259 1223 3329 patris
1245 3258 1371 3314 Osweldi
1394 3261 1487 3315 affore

430 3351 485 3404 eibi
520 3351 708 3421 postulantes.
754 3349 831 3402 Nam
864 3347 925 3418 ipse
959 3353 1041 3418 peter·
1072 3347 1104 3400 in
1138 3347 1203 3419 ripa
1235 3347 1363 3403 fluminis
1386 3343 1485 3404 cdhne

430 3447 519 3504 stans,
553 3440 598 3494 his
636 3439 686 3508 qai
718 3455 815 3492 seeum
853 3443 936 3491 erant
973 3435 1059 3492 utilia
1081 3436 1214 3507 quaedam
1252 3455 1286 3492 ec
1323 3441 1486 3494 necessaria

429 3529 608 3600 disponebat.
655 3529 696 3584 Ut
718 3533 815 3582 autem
838 3526 955 3581 auribus
978 3524 1040 3596 ejas
1072 3526 1180 3581 clamor
1203 3527 1342 3592 insonuit,
1366 3535 1484 3599 stupore

429 3621 580 3685 attonitus,
605 3635 672 3671 mox
706 3617 775 3671 illue
799 3616 911 3670 lumina
944 3615 1045 3681 fiexit;
1068 3621 1098 3670 et
1130 3615 1233 3670 videns
1256 3616 1330 3671 filios
1361 3635 1427 3672 suos
1451 3619 1483 3672 in

429 3710 530 3764 mortis
553 3707 681 3780 periculo
715 3706 833 3778 positos,
858 3721 906 3760 cor
929 3705 966 3760 ad
990 3705 1093 3770 Deum,
1117 3705 1264 3760 dexteram
1297 3706 1421 3762 tetendit
1444 3707 1484 3762 ad

430 3799 502 3852 illos.
549 3797 611 3867 Quo
644 3797 727 3865 signo
759 3786 886 3851 cunctis
920 3794 1008 3860 edito,
1042 3794 1121 3848 illico
1158 3796 1242 3848 navis
1276 3795 1312 3849 ab
1342 3813 1483 3867 equarum

414 3888 625 3958 .prelunditate
658 3903 818 3955 emergens,
843 3885 924 3954 qnasi
956 3884 1031 3938 nihil
1059 3885 1162 3938 oneris
1174 3913 1177 3916 ·
1190 3885 1285 3951 ferret,
1314 3885 1345 3939 in
1380 3886 1482 3940 ulteri-

428 3996 507 4031 orem
538 3976 667 4030 flnminis
690 3976 784 4046 ripam
816 3974 1010 4045 prosperrimo
1033 3974 1116 4044 lapsu
1149 3989 1215 4028 cum
1251 3975 1384 4045 omnibus
1416 3993 1482 4046 qnae

428 4068 561 4138 portabat
583 4072 682 4121 evecta
704 4071 756 4120 cst.
803 4064 911 4134 Magno
927 4063 1026 4117 timori
1049 4061 1186 4118 secmitas
1209 4081 1315 4133 magna
1330 4063 1481 4130 succedit;

427 4163 459 4210 at
481 4175 533 4227 pro
555 4173 586 4210 re
620 4173 684 4226 qnae
708 4151 861 4218 accideret,
886 4153 940 4208 Dei
964 4153 1027 4207 laus
1060 4170 1095 4207 ex
1119 4152 1203 4208 eorde
1227 4153 1356 4209 omnium
1379 4158 1409 4209 et
1431 4171 1483 4210 ore

428 4245 565 4317 procedit.

667 4449 874 4518 Caranusca
898 4445 1232 4513 Tnarmnoacrno'n.

259 4630 314 4680 Th,
326 4629 393 4679 καὶ.
473 4613 547 4668 Dein
582 4612 732 4682 aliquanto
764 4614 893 4681 tempore
929 4607 980 4673 ibi,
1005 4614 1038 4661 ut
1069 4625 1130 4663 suae
1153 4608 1371 4664 consuetudinis
1404 4614 1479 4678 erat,
1494 4621 1534 4671 Id.
1545 4635 1568 4685 p.
1580 4624 1614 4668 ec.
1701 4621 1702 4672 l

259 4699 357 4746 (leniat
426 4705 501 4758 inter
544 4702 699 4756 monachos
733 4700 851 4769 degens,
886 4697 1070 4752 aedificationi
1116 4688 1195 4752 vibae
1229 4699 1345 4752 illorum
1377 4699 1480 4756 diebus

259 4765 316 4823 Ely.
424 4811 459 4849 ac
491 4793 624 4848 noctibus
656 4789 833 4845 intendebat.
880 4777 950 4844 Ubi
980 4778 1061 4842 dum
1085 4783 1179 4855 esset,
1202 4789 1322 4843 nuntius
1357 4789 1478 4862 qnidam
