3538 5800
412 873 455 937 32
736 884 818 932 vrrs
841 883 963 932 srvorr
986 883 1140 932 oswncnr

411 1068 584 1154 ipsumque
622 1090 642 1134 a
689 1091 722 1134 se
754 1073 979 1134 consecratum
1026 1067 1235 1153 Wigomiam
1272 1065 1465 1131 destinavit.

412 1169 453 1232 In
476 1170 570 1254 cujus
593 1170 834 1235 consecratione
857 1175 992 1255 rogatus
1014 1168 1058 1234 ad
1088 1189 1308 1253 quarumnam
1330 1167 1467 1252 reliqui·

411 1293 506 1336 arum
529 1272 751 1337 conditionem
782 1271 866 1336 illud
898 1275 1037 1356 aptaret,
1069 1269 1132 1336 hoc
1161 1292 1196 1335 se
1225 1271 1269 1334 ad
1307 1270 1465 1335 honorem

412 1371 476 1436 Dei
498 1373 668 1458 respondit
709 1373 937 1458 composuisse,
965 1377 1000 1436 et
1029 1370 1081 1434 illi
1112 1371 1285 1456 cujusnam
1319 1371 1466 1456 reliquiae

411 1472 522 1538 forent
551 1475 588 1536 in
621 1494 660 1538 eo
693 1472 871 1538 condendae
902 1473 1112 1537 notissimum
1142 1493 1219 1537 esse.
1266 1469 1466 1538 Servatum¹

412 1580 462 1639 cst
485 1576 597 1661 itaque
621 1574 811 1662 Wigomae2
841 1575 1001 1640 feretrum
1032 1575 1129 1652 idem,
1163 1595 1202 1641 ac
1235 1575 1384 1660 reliquiae
1416 1574 1466 1659 ip-

412 1677 480 1741 sius
511 1678 696 1742 admirandi
735 1677 840 1763 patris
879 1676 1026 1742 Oswaldi
1058 1697 1079 1741 a
1108 1681 1197 1740 terra
1235 1681 1312 1761 post
1343 1675 1467 1740 multos

375 1805 377 1816 ·
411 1804 515 1848 annos
547 1783 666 1847 levatae
700 1803 820 1866 magno
847 1801 922 1846 cum
958 1779 1079 1844 honore
1113 1783 1194 1843 sunt
1228 1779 1264 1842 in
1298 1800 1336 1844 eo
1368 1779 1466 1845 collo-

412 1889 503 1950 catae.

459 1985 510 2054 27.
533 1984 598 2048 His
620 1984 669 2048 ita
691 1983 798 2059 dictis,
814 1987 932 2068 coeptae
947 1981 1132 2048 narrationi
1146 1981 1348 2049 insistamus.
1391 1981 1465 2046 Dif-

412 2086 489 2152 fusa
510 2086 615 2172 igitur
637 2085 824 2151 sanctitatis
847 2084 937 2150 fama
968 2082 1108 2148 Sancti³
1139 2083 1287 2149 Osvvaldi
1320 2105 1358 2150 eo
1393 2105 1467 2170 pro·

414 2189 487 2264 diit,
509 2193 550 2251 ut
581 2186 797 2272 languoribus
827 2186 930 2250 variis
961 2185 1065 2271 pressi
1088 2187 1119 2251 ei
1142 2187 1184 2251 de
1218 2186 1399 2272 longinquo
1432 2185 1468 2250 id

414 2289 523 2375 ipsum
555 2288 759 2366 mandarent,
792 2288 856 2352 sibi
890 2287 934 2351 ab
965 2287 1023 2352 illo
1054 2288 1257 2353 subventum
1294 2289 1337 2351 iri
1374 2287 1467 2352 nullo

414 2391 511 2456 modo
542 2389 736 2455 diffidentes.
783 2389 854 2455 Nec
884 2389 1093 2454 fallebantur.
1140 2390 1242 2454 Verbi
1275 2390 1385 2475 gratia
1415 2390 1468 2452 vir

414 2496 549 2582 quidam
572 2499 688 2580 potens
711 2493 782 2581 regi
804 2491 960 2579 Edgaro⁴
982 2515 1024 2558 ex
1050 2493 1244 2570 ministerio,
1267 2515 1333 2578 quo
1356 2493 1386 2558 ei
1411 2493 1467 2557 de·

414 2599 537 2664 servire
570 2598 705 2674 solebat,
743 2607 844 2662 notus
882 2601 961 2661 erat.
1019 2595 1086 2663 Hic
1122 2596 1236 2661 valida
1273 2595 1468 2660 infirmitate

415 2700 557 2784 corporis
581 2704 700 2776 tactus,
722 2720 782 2784 per
804 2697 962 2760 nuntium
985 2696 1057 2761 viro
1088 2696 1153 2762 Dei
1176 2719 1210 2762 se
1234 2697 1354 2783 oppido
1377 2697 1469 2760 infir·

249 2799 342 2850 Asiek
416 2802 498 2868 mari
521 2800 713 2886 simpliciter
735 2799 928 2864 insinuavit.
974 2799 1022 2864 At
1052 2798 1108 2864 illc
1130 2799 1326 2864 benedicens
1348 2820 1468 2885 panem

247 2867 372 2997 ffiiy
415 2903 511 2987 eique
533 2900 789 2978 transmittens,¹⁵
811 2907 851 2965 ut
872 2901 972 2986 plena
986 2901 1052 2965 fide
1067 2902 1299 2989 recuperandae
1314 2901 1469 2966 sanitatis

246 3001 404 3116 wlff
415 3005 494 3068 inde
516 3003 701 3069 comederet
719 3000 844 3088 jussit⁶
888 3002 982 3068 Fecit
1004 3002 1060 3068 illc
1091 3004 1180 3088 quod
1202 3004 1378 3090 praecepit3
1409 3024 1469 3068 nec

250 3083 393 3184 omas
417 3107 516 3170 unius
538 3106 627 3171 horae
651 3105 797 3191 spatium
820 3105 912 3190 prius
935 3106 1080 3183 transiit,
1103 3127 1204 3191 quam
1227 3129 1261 3172 se
1293 3107 1469 3192 degustato

417 3230 503 3294 pane
525 3207 643 3272 melius
665 3206 819 3272 habuisse
841 3208 996 3293 percepit.

464 3313 515 3376 28.
539 3309 615 3374 Α1ἰο
638 3314 784 3394 tempore
807 3308 887 3373 dum
911 3308 999 3374 idem
1021 3309 1165 3374 famulus
1187 3308 1274 3375 Dei⁷
1296 3311 1332 3375 in
1355 3310 1469 3374 multi-

418 3411 535 3475 tudine
559 3431 693 3476 suorum
721 3409 811 3495 apud
843 3409 1025 3475 Eboracum
1057 3432 1236 3496 pransurus
1259 3413 1469 3488 consedisset,

412 3514 549 3598 jamque
572 3534 691 3598 panem
715 3533 775 3576 sua
797 3512 1019 3578 sacratissima
1048 3534 1149 3578 manu
1172 3515 1340 3600 signatum
1364 3515 1469 3580 consi-

249 3613 375 3664 Amouse
419 3615 575 3679 dentibus
621 3613 853 3690 distribuisset,
886 3614 971 3679 forte
1008 3615 1110 3680 micas
1148 3615 1336 3682 decidentes
1373 3637 1468 3681 sorex

248 3687 386 3796 {imm
418 3717 653 3803 superveniens
687 3715 786 3780 avido
817 3715 916 3779 simul
951 3721 984 3781 et
1018 3718 1140 3802 pavido
1175 3740 1285 3783 morsu
1317 3717 1469 3804 colligere

250 3812 372 3863 aucuia.
418 3819 526 3905 coepit.
573 3818 639 3899 Qui
674 3817 754 3881 dum
788 3816 823 3880 in
855 3818 1000 3882 medium
1038 3818 1131 3884 nullo
1169 3841 1245 3884 eum
1282 3819 1468 3885 deterrente

418 3923 587 4008 prodisset,
611 3919 794 3996 succubuit,
818 3940 878 3984 nec
900 3941 1005 4004 usque
1028 3921 1181 4006 progredi
1202 3921 1318 3986 valuit
1365 3921 1469 3986 Bene-

418 4024 500 4092 dicti
523 4025 647 4089 etenim
670 4021 767 4108 panis
790 4020 947 4106 reliquias
969 4021 1140 4088 famelicus
1165 4043 1286 4088 vorans
1316 4022 1469 4088 suffocari

417 4126 537 4202 subito,
559 4146 619 4191 nec
642 4123 730 4210 quod
754 4121 951 4187 voraverat8
972 4123 1141 4188 ullatenus
1166 4145 1317 4190 evomere
1340 4125 1466 4210 quibat.

417 4227 590 4292 Remansit
612 4227 725 4309 itaque
748 4229 906 4289 mortuus.
954 4225 1051 4304 Quod
1073 4225 1198 4290 factum
1220 4247 1262 4291 ne
1285 4247 1354 4291 suae
1376 4225 1468 4291 laudi

419 4327 529 4413 quivis
562 4325 746 4402 ascriberet,
779 4326 963 4390 exanimem
1003 4326 1144 4391 bestiam
1182 4348 1203 4392 a
1240 4327 1468 4414 conspectibus

451 4551 460 4584 ¹
481 4551 628 4616 Servatum]
649 4549 802 4610 scrutatum,
816 4551 846 4600 B.
998 4551 1009 4582 ⁶
1028 4551 1208 4616 transmittens]
1229 4550 1424 4613 mendavimus.
1436 4552 1467 4604 B.

451 4632 462 4665 ²
486 4629 624 4695 Wiqornoe]
644 4628 839 4694 wigonem.
999 4627 1010 4658 ⁶
1020 4629 1114 4694 jussit]
1135 4629 1230 4680 om.B.

451 4711 462 4744 ³
482 4709 585 4774 Sancti]
606 4707 687 4767 Beati,
699 4709 733 4757 A.
1000 4706 1094 4773 chi]
1114 4707 1230 4768 Domini,
1241 4709 1272 4758 B.

451 4791 462 4822 ⁴
480 4788 601 4854 Edqcro]
623 4789 748 4854 Eadgaro,
761 4787 794 4837 A.
999 4786 1010 4818 ⁸
1030 4785 1179 4852 voraverat]
1200 4789 1374 4851 devoraverat,
1384 4787 1416 4838 Β.
