3410 5840
392 829 457 890 504
814 843 1002 894 APPENDIX.

392 1037 506 1108 ventu,
528 1033 670 1118 benigne
705 1041 831 1114 suscepit
861 1031 965 1109 illum,
989 1047 1019 1098 et
1049 1043 1160 1098 sincero
1192 1041 1303 1106 dilexit,
1327 1036 1362 1095 ct
1393 1031 1450 1094 sui

224 1121 364 1197 slffildls
394 1134 495 1187 secreti
519 1121 678 1186 conscium¹
712 1133 789 1186 lecit.
852 1123 1031 1208 Assumpto
1056 1123 1189 1189 landem
1213 1123 1254 1188 ad
1285 1121 1451 1210 arehiepi-

226 1191 364 1318 flffiissim'
394 1233 566 1310 scopatum
588 1226 829 1290 Ebora-oensem
862 1225 1034 1303 Osketillo,
1069 1226 1210 1291 Sanctus
1248 1225 1451 1289 Dunstanus

228 1325 383 1374 W⁰f⁶⁰⁸¹²¹·
398 1327 588 1394 Oswaldum
611 1337 674 1408 regi
707 1338 823 1408 Edgoro
846 1335 1080 1392 commendatum
1111 1327 1303 1394 familiarem
1329 1327 1452 1402 effecit,
1467 1325 1603 1406 Q?-

399 1437 432 1497 ct
451 1431 547 1518 jussu
571 1431 661 1517 regio
685 1429 908 1517 Wigornicnsi
931 1431 1074 1498 ecolesiae
1098 1431 1252 1516 pracfecit.
1466 1408 1495 1454 P'
1515 1395 1561 1439 ¹²

229 1540 385 1592 Establishes
444 1537 472 1600 5.
497 1531 719 1620 Congregavit
743 1540 855 1598 autem
880 1533 1054 1599 Oswaldus
1077 1533 1247 1598 duodecim
1271 1531 1452 1598 monachos

229 1610 377 1737 diffini„
400 1637 435 1701 in
459 1635 548 1712 villa,
573 1634 706 1699 nomine
724 1633 901 1720 Wcstbyri,
919 1663 989 1716 qnos
1012 1645 1177 1718 frequenter
1192 1644 1321 1710 visitare,
1337 1644 1454 1698 monita
1467 1641 1515 1690 Id.
1530 1656 1558 1704 p.
1577 1646 1614 1690 17.

400 1736 503 1791 solutis
536 1741 652 1790 cstcrnae
685 1733 862 1799 ministrare,
885 1741 914 1789 et
946 1735 1098 1801 consolari,
1122 1740 1152 1790 et
1171 1733 1302 1805 jejuniis,
1325 1734 1452 1804 sigiliis,

400 1833 430 1881 ct
453 1823 630 1880 orationibus
653 1823 763 1878 solebat
786 1841 902 1896 oporam
925 1823 1001 1880 dare.

231 1907 339 1983 wlget’s
446 1909 475 1971 6.
499 1901 631 1972 Accidit
662 1903 750 1968 euim
785 1909 825 1969 ut
859 1903 1025 1969 Ailwinus
1067 1925 1174 1970 comcs
1219 1902 1377 1970 diuturno
1410 1923 1455 1968 aa

232 1975 387 2103 3ῗῖξὲξέἜῖ
400 2009 561 2074 laborioso
610 2007 758 2073 cruciatu
796 2005 949 2093 podagra
998 2008 1120 2094 pedum
1165 2027 1298 2073 suorum
1335 2006 1456 2071 multis

232 2107 363 2222 mia*
400 2111 563 2176 laboraret
600 2109 705 2186 annis,
740 2113 775 2173 et
814 2126 889 2175 cum
939 2109 1082 2196 piscator
1119 2109 1276 2195 quidam,2
1317 2111 1456 2175 nominc

234 2255 309 2289 merc
402 2213 522 2299 nget,
545 2233 619 2278 cum
643 2209 798 2276 navicula
813 2231 874 2276 sua
896 2209 1025 2297 aquam,
1049 2213 1258 2277 Rumcsmcrc
1281 2232 1456 2298 nuncupa-

402 2323 479 2394 tam,
503 2314 653 2401 piscandi
683 2314 793 2400 gratia
823 2313 865 2378 ad
889 2335 985 2378 usum
1018 2313 1142 2380 domini
1167 2317 1217 2380 sui
1242 2315 1370 2380 comitis
1401 2315 1457 2378 in-

363 2469 367 2476 .
401 2442 531 2506 gressus
568 2423 653 2482 esset
665 2441 673 2497 ;
707 2421 741 2482 et
776 2415 834 2480 diu
868 2414 991 2482 frustra
1022 2417 1184 2496 laborans²
1216 2419 1319 2484 nimio
1350 2419 1456 2482 tre-dio
1534 2474 1540 2482 .

403 2523 570 2607 fatigatus,
594 2519 728 2584 tcndcm
752 2517 936 2583 obdormire
960 2519 1070 2605 eoepit,
1092 2519 1147 2585 cui
1171 2519 1312 2585 Sanctus
1347 2520 1455 2584 Benc-

236 2633 357 2683 Bcnediet
402 2625 511 2690 dictus
534 2644 696 2710 apparens
712 2619 819 2685 dixit:
846 2621 1008 2687 “Aurora
1031 2645 1105 2687 cum
1130 2621 1333 2698 surrexerit,3
1355 2629 1455 2687 tuum

234 2709 379 2818 {ww
404 2735 420 2762 ‘¹
444 2729 525 2812 ejice
560 2732 699 2811 tragum,
734 2729 769 2788 et
800 2723 1010 2788 multitudini
1043 2726 1182 2812 copiosae
1213 2727 1285 2792 voti
1323 2748 1457 2812 compos
1536 2747 1539 2752 ·

403 2840 420 2866 “
444 2829 593 2895 obviabis
615 2827 764 2913 piscium.
811 2827 992 2912 Captorum
1027 2849 1157 2912 quoquc
1180 2829 1318 2913 piscium
1353 2827 1458 2914 majo-

404 2943 421 2970 “
444 2955 522 3009 rem,
537 2929 639 3006 lutici,
662 2929 696 2993 id
721 2935 772 2993 cst
795 2929 927 3008 lucium,
952 2936 1116 3008 vocatum,
1139 2931 1294 3008 Ailwino‚
1322 2932 1457 2996 domino

405 3045 421 3071 “
446 3041 512 3113 tuo,
537 3055 610 3098 mea
632 3055 674 3097 cx
697 3037 792 3118 parte
816 3032 962 3110 offerens,
987 3033 1075 3100 dices
1099 3033 1136 3110 ei,
1161 3039 1200 3098 ut
1223 3055 1329 3098 meam
1353 3034 1455 3099 dona-

406 3139 570 3202 “tionem
605 3135 746 3221 benigno
780 3133 970 3221 suscipiens,
993 3135 1057 3222 piae
1091 3137 1190 3201 matri
1225 3135 1456 3201 misericordiae

404 3250 421 3276 “
445 3241 569 3315 Mariae,
604 3237 704 3315 mihi:
729 3237 946 3324 omnibusque
976 3237 1076 3304 sacris
1110 3237 1296 3324 virginibus
1325 3259 1456 3302 monas-

361 3423 364 3430 Δ
405 3344 567 3410 “terium
605 3343 641 3406 in
672 3341 735 3407 hac
767 3341 875 3407 insula
915 3341 1150 3407 monachorum
1186 3341 1259 3406 sinc
1295 3341 1458 3406 dilatione

405 3457 421 3481 “
445 3447 580 3511 studeat
611 3444 793 3524 fabricare3
823 3449 1054 3530 scluteturque
1093 3443 1256 3529 quomodo
1293 3451 1390 3510 nocto
1421 3443 1458 3508 in

407 3561 421 3586 “
446 3549 556 3616 insula
577 3547 736 3614 animalia
770 3568 830 3612 sua
861 3547 1067 3624 incumbunt,
1090 3553 1126 3612 ct
1148 3547 1207 3612 ubi
1229 3553 1362 3612 taurum
1385 3567 1458 3611 cur·

407 3663 422 3688 “
447 3659 580 3741 gentem
615 3651 733 3716 dextro
765 3649 848 3736 pede
882 3650 1006 3715 viderit
1040 3659 1164 3716 terram
1198 3655 1377 3736 percutere,
1408 3649 1459 3713 ibi

347 3831 349 3836 ,
407 3767 424 3794 “
447 3779 539 3823 aram
571 3755 694 3841 erigere
731 3752 886 3818 festinet:
924 3759 1029 3838 utque
1067 3753 1189 3818 certius
1226 3753 1307 3818 meis
1345 3753 1460 3819 credat

407 3873 424 3898 ‘¹
447 3859 620 3934 mandatis,
637 3857 725 3921 hunc
740 3861 836 3919 tuum
852 3854 916 3920 tibi
931 3856 1127 3922 exteriorem
1144 3855 1281 3922 incurvo
1304 3855 1459 3942 digitum,

408 3976 424 4002 “
447 3985 544 4051 quem
577 3967 612 4026 et
645 3960 714 4045 ipsc
749 3979 827 4023 mox
861 3979 882 4024 a
912 3979 1003 4024 nexu
1034 3959 1188 4046 podagrae
1220 3957 1358 4037 solutus,
1394 3958 1460 4022 tibi

406 4079 422 4104 “
447 4068 553 4152 erigat
575 4059 821 4147 reparandum.”
868 4059 1039 4146 Evigilans
1062 4068 1175 4126 cutem
1198 4061 1362 4146 copiosum
1392 4057 1461 4146 pis-

405 4171 494 4237 cium
517 4163 769 4231 multitudinem
792 4161 961 4239 conclusit,
979 4163 1207 4250 majoremque
1241 4163 1374 4242 domino
1398 4185 1459 4229 suo

406 4277 565 4359 exparte
598 4268 713 4334 Sancti
745 4265 877 4344 obtulit,
901 4288 975 4352 quse
1000 4267 1130 4334 viderat
1160 4273 1193 4334 ct
1215 4267 1376 4338 audierat
1408 4289 1460 4332 re·

406 4378 540 4463 plicans,
574 4377 612 4437 ut
645 4371 789 4457 digitum
822 4390 920 4434 suum
952 4370 1165 4436 incurvatum
1198 4371 1306 4456 erigat
1336 4369 1460 4436 obnixe

409 4531 616 4540 --—-—----—-
649 4529 673 4534 --
705 4529 717 4533 -
738 4528 755 4532 -.
798 4525 1107 4532 -..----...-.--.--...--.-
1125 4517 1163 4532 '0-

440 4606 448 4637 ¹
467 4603 601 4668 conscium]
623 4608 775 4662 consortem,
787 4601 822 4651 A.
988 4599 1170 4666 ³serres-crit]
1191 4600 1340 4665 surrexeris,
1351 4595 1385 4652 Α.

440 4685 451 4716 ²
464 4687 581 4748 piscator
592 4683 705 4748 putidam]
727 4679 845 4745 piscatori
857 4679 910 4730 cui-
1090 4680 1094 4688 '

407 4767 475 4825 dam,
487 4765 537 4824 A.;
555 4763 711 4827 piscatorum
718 4759 827 4825 quidam,
836 4758 910 4811 Text.
