3530 5790
408 888 473 951 330
754 905 951 954 onnorucuu
975 905 1018 955 or
1041 905 1110 954 run

239 1105 319 1154 other
452 1092 539 1172 Quia
562 1113 640 1157 vero
675 1092 785 1177 plures
820 1091 856 1154 in
888 1087 1040 1156 Historia
1071 1091 1257 1178 Anglorum
1281 1091 1453 1158 Wiliridos

238 1169 391 1286 ,fflst‘ifflfeffi
405 1193 543 1280 legimus
573 1195 747 1280 episcopos,
782 1194 946 1258 discornat
979 1193 1124 1278 prudens
1159 1193 1262 1258 lector
1283 1196 1453 1260 nominum

406 1296 616 1362 identitatem
639 1297 693 1362 vel
724 1296 975 1378 similitudinem
1009 1301 1194 1380 temporum
1229 1297 1389 1382 qualitate
1421 1303 1455 1362 et

406 1399 550 1465 locorum
566 1399 772 1475 differentia,l
791 1422 831 1464 ne
848 1399 882 1462 iu
899 1399 1045 1484 personis
1068 1404 1155 1464 erret
1181 1421 1256 1464 cum
1272 1399 1454 1465 Historiam

406 1502 589 1588 Anglorum
614 1503 736 1588 legerit.
784 1501 836 1566 Ibi
857 1501 944 1566 enim
960 1523 1049 1566 nunc
1065 1501 1245 1577 wilfridus,
1263 1522 1353 1566 nunc
1375 1501 1456 1566 Wil-

406 1600 471 1678 sri,²
497 1607 601 1689 (nunc
624 1602 824 1688 winfridus)
850 1625 908 1688 per
930 1625 957 1666 ot
979 1623 1046 1666 non
1070 1624 1130 1687 per
1151 1601 1164 1665 l
1187 1602 1348 1668 scribitur.
1394 1603 1454 1668 Est

406 1712 516 1770 autem
541 1728 608 1770 una
630 1706 808 1790 eademque
824 1725 963 1790 persona
985 1703 1158 1768 Wilfridus
1175 1709 1209 1770 et
1232 1704 1375 1783 Wilfrid,
1397 1705 1454 1770 sed

406 1805 488 1870 illud
506 1807 670 1884 Latinum,
692 1806 784 1871 istud
799 1806 984 1871 barbarum.
1028 1803 1126 1891 Ipse³
1140 1811 1192 1870 est
1207 1805 1380 1872 Wilfridus
1396 1807 1453 1872 Se-

405 1911 486 1988 nior,
502 1911 559 1996 qui
576 1910 722 1976 discendi
738 1910 848 1996 gratia
862 1909 1001 1974 Romam
1026 1908 1183 1994 perrexit,
1206 1915 1374 1974 revertens
1396 1933 1455 1996 por

406 2013 553 2078 Gallias⁴
584 2035 657 2078 cum
684 2012 815 2077 Dalfino
839 2011 1055 2096 Lugdunensi
1078 2010 1324 2097 archiepiscopo
1346 2013 1453 2078 tribus

404 2116 500 2178 annis
523 2120 741 2181 commoratus
757 2120 815 2178 est.
863 2113 907 2177 Et
929 2113 1111 2177 cumidem
1134 2113 1397 2200 archiepiscopus
1412 2137 1454 2180 ex

404 2216 598 2280 crudelitate
631 2213 777 2302 reginae⁵
810 2213 852 2278 ad
886 2212 1115 2278 decollandum
1151 2214 1333 2289 duceretur,
1369 2217 1454 2282 siout

405 2304 496 2369 Beda
526 2306 634 2380 refert,
657 2318 772 2368 secutus
794 2317 838 2367 est
860 2329 927 2367 eum
951 2301 1091 2368 wilfrid⁶
1117 2313 1239 2368 clericus
1263 2313 1354 2378 illius,
1378 2315 1453 2370 desi·
1467 2318 1536 2369 RE.
1549 2334 1576 2366 r.
1589 2324 1629 2368 19.
1735 2331 1736 2376 l

404 2402 507 2458 derans
522 2416 581 2480 pro
603 2417 650 2471 e0,
673 2393 726 2456 vel
750 2419 815 2457 cum
839 2420 872 2456 ao
895 2401 1005 2471 pariter
1027 2401 1214 2468 occumbam
1238 2403 1289 2458 sed
1310 2405 1361 2457 ubi
1376 2404 1454 2460 hunc

405 2493 589 2563 peregrinum
613 2499 700 2563 atque
716 2491 871 2546 oriundum
887 2491 923 2545 de
946 2491 1064 2545 natione
1080 2489 1246 2561 Auglorum
1269 2483 1453 2563 cognovere⁷

405 2583 563 2646 carnifices,
597 2586 787 2652 pepercerunt
821 2579 877 2644 illi,
910 2597 1003 2650 nequo
1035 2597 1102 2633 eum
1135 2581 1279 2636 trucidare
1313 2601 1379 2636 cum
1402 2601 1454 2637 sno

403 2672 560 2726 voluerunt
597 2671 743 2742 pontifice.
798 2661 901 2724 Ecce!
926 2666 961 2723 et
994 2659 1049 2724 hic
1083 2660 1191 2734 dictus
1235 2668 1286 2725 est
1322 2661 1454 2726 Wllfrid

404 2764 583 2827 secundum
616 2762 789 2827 barbaram
820 2761 939 2846 patriae
973 2760 1237 2844 appellationem,
1262 2767 1297 2826 et
1319 2762 1453 2828 clericus

404 2865 493 2928 illius
517 2873 584 2929 tam
617 2869 750 2950 propter
784 2863 1055 2938 benedictionem,
1079 2863 1159 2946 quia
1192 2863 1345 2928 clericum
1380 2888 1453 2930 eum

404 2967 531 3042 iecerat,
555 2987 654 3051 quam
678 2970 811 3051 propter
834 2963 969 3028 triennii
994 2966 1285 3029 conversationem.
1334 2965 1395 3030 Est
1420 2972 1454 3031 et

404 3069 487 3134 alius
519 3075 588 3133 tam
622 3068 753 3132 nomine
787 3088 885 3151 quam
919 3087 1058 3150 persona
1090 3066 1239 3130 diversus
1263 3067 1454 3146 Winfridus,

403 3171 527 3236 scilicet
543 3193 600 3255 per
615 3193 641 3233 or
656 3191 723 3233 uon
746 3190 804 3254 per
819 3169 840 3244 l,
857 3168 1013 3231 diaconus
1038 3167 1153 3231 Sancti
1178 3168 1307 3246 Ceddae,
1323 3176 1358 3235 et
1380 3177 1455 3258 post

403 3295 478 3336 eum
503 3273 699 3336 Marciorum
722 3271 893 3356 episcopus
917 3292 937 3333 a
960 3268 1130 3333 Theodoro
1162 3271 1374 3350 substitutus,
1397 3274 1454 3338 sed

319 3373 322 3380 ’
403 3382 477 3460 post
500 3375 581 3438 duos
612 3395 715 3438 annos
738 3394 796 3458 per
831 3372 986 3436 meritum
1019 3371 1190 3455 cujusdam
1223 3373 1453 3447 inobedientiae

402 3477 445 3541 ab
468 3477 658 3563 episcopatu
681 3475 724 3538 ab
747 3475 860 3538 eodem
884 3472 1055 3536 Theodoro
1088 3473 1264 3558 depositus.
1311 3475 1454 3541 Rediens

403 3579 445 3642 ad
478 3578 593 3654 Barue,
625 3577 672 3642 ibi
705 3581 740 3640 et
777 3573 954 3640 defunctus
1001 3580 1035 3637 et
1076 3574 1227 3658 sepultus
1264 3581 1321 3642 est.
1392 3578 1454 3643 Eat

402 3686 437 3744 et
475 3681 591 3744 tertius
624 3677 806 3755 Wilfridus,
832 3677 872 3740 de
907 3697 972 3760 quo
1010 3697 1100 3740 nunc
1128 3677 1267 3762 agimus,
1299 3701 1320 3744 a
1350 3681 1453 3745 Beato

402 3782 554 3846 Johanne
592 3802 652 3865 pro
688 3801 722 3843 se
754 3778 977 3856 substitutus;
1011 3777 1070 3841 sed
1105 3783 1140 3841 et
1172 3778 1345 3865 episcopus
1378 3804 1453 3867 pro-

403 3885 521 3950 vinciae
559 3879 796 3948 Huicciorum⁸
834 3879 1010 3944 Wilfridus
1048 3885 1099 3944 est
1133 3881 1329 3966 appellatae,
1367 3884 1454 3950 sicut

409 4073 509 4085 -d—-o—-
581 4073 778 4082 --.—-—————---

436 4211 582 4278 ¹patruae
599 4249 605 4260 .
624 4249 630 4261 .
649 4247 655 4259 .
673 4208 828 4275 afferentia]
841 4223 903 4272 qua·
987 4181 997 4213 ⁴
1018 4181 1136 4250 Gallias]
1158 4184 1278 4244 sarram,
1290 4187 1321 4236 a.
1334 4187 1364 4238 o.
1377 4186 1410 4238 n.
1423 4189 1453 4238 u.

400 4295 546 4345 ritatem..
567 4289 807 4348 ‚namnetas
827 4287 902 4339 cn.
955 4261 1037 4372 {Gn
1128 4345 1132 4353 Ι
1197 4345 1203 4355 .

401 4376 431 4423 Ε,
443 4375 473 4424 Ε,
486 4375 517 4424 ρ,
1016 4341 1172 4408 Braactrld]
1192 4359 1238 4392 raa.
1251 4344 1281 4392 B.
1295 4345 1325 4396 C.
1335 4346 1368 4396 Ι),
1379 4347 1409 4396 Ε,
1422 4347 1454 4398 G,

434 4465 444 4496 2
471 4462 568 4527 werse]
589 4459 714 4518 willare,
731 4457 760 4510 c.
778 4457 821 4517 a,
839 4456 903 4508 ivri·
986 4420 996 4451 ⁶
1022 4419 1138 4486 ΨΜ]
1158 4421 1300 4485 Wlffi‘lss’
1320 4427 1352 4475 Β·
1373 4425 1402 4477 ⁰·
1420 4428 1452 4477 D·

400 4545 458 4604 frid,
471 4545 503 4592 D.
533 4541 609 4591 Alter
620 4539 669 4589 this
681 4535 903 4588 nachinfridus
954 4501 983 4549 Ε·
998 4500 1029 4550 G*

401 4625 448 4672 lua
460 4623 490 4671 B.
504 4623 533 4672 C.
544 4621 575 4669 n.
586 4618 614 4667 F.
643 4617 698 4667 The
708 4617 791 4666 whole
798 4631 903 4680 passage
988 4578 998 4616 7
1015 4581 1164 4648 ⁶⁰9n⁰⁰⁰¹⁶l
1185 4591 1366 4648 ⁰⁰3¹¹⁰l0¹¹¹¹¹i2
1377 4586 1408 4636 Β·
1425 4587 1453 4637 C·

401 4703 423 4752 ls
433 4699 572 4751 blundffl'ffll
582 4697 609 4746 5¹¹
622 4698 654 4748 G·
954 4659 1192 4806 usbiffloeiomm]
1220 4741 1402 4804 Barniclonrm‚
1425 4747 1454 4799 C.

433 4793 446 4828 a
463 4793 535 4861 Ipse]
556 4793 616 4852 Iste,
628 4793 657 4842 B.
670 4793 700 4842 C.
713 4792 745 4841 D.
758 4792 788 4840 E.
802 4791 831 4840 F·
844 4790 876 4842 G·
955 4819 987 4868 D,
999 4820 1030 4869 Ε.
1044 4820 1073 4868 F.
1086 4819 1117 4871 G.
