3606 5798
573 887 617 938 ro
641 887 813 940 claranus
837 889 873 940 11.
897 889 1012 941 secur
1034 891 1191 941 runsrrn.
1345 880 1408 944 245

348 1095 408 1160 pro
445 1074 598 1142 libertate
644 1076 803 1143 Romana
848 1076 991 1161 ecelesiae
1036 1078 1201 1166 patienter
1237 1077 1407 1168 sustinuit.

349 1175 456 1255 Quem
488 1176 622 1262 quidem
655 1197 730 1242 curn
764 1177 950 1244 Willelmus
977 1179 1100 1264 junior,
1131 1201 1191 1245 rex
1222 1180 1406 1268 Anglorum
1419 1185 1533 1242 Thomas

347 1276 600 1356 crudelissimus,
622 1278 666 1343 ad
698 1278 929 1366 abnegandum
953 1279 1128 1346 Urbanum
1162 1302 1282 1368 papam
1309 1282 1404 1348 illum
1417 1253 1517 1387 ζῗιῗω

347 1378 514 1464 coegisset,
537 1378 626 1444 solus
657 1401 752 1466 paene
782 1401 857 1446 cum
888 1381 1023 1448 ecclesia
1045 1403 1104 1446 sna
1127 1383 1163 1446 in
1186 1387 1259 1448 tota
1282 1381 1523 1470 anglicanam

346 1479 485 1545 Romani
519 1480 663 1546 nominis
696 1481 903 1566 splendorem
936 1503 1004 1547 non
1034 1481 1180 1561 foedavit,
1204 1455 1537 1574 quapropterffiffi
1591 1469 1595 1474 ⁵

346 1580 434 1646 inter
456 1581 524 1647 alia
547 1603 622 1667 quae
656 1603 772 1669 passus
799 1588 857 1661 est,
881 1583 982 1650 etiam
1005 1583 1061 1649 ille
1085 1585 1237 1650 dominus
1261 1583 1403 1652 Thomas

346 1683 568 1762 Eboraeensis,
601 1706 662 1752 nec
693 1685 802 1752 Deum
837 1686 967 1764 timens,
999 1707 1059 1752 nec
1093 1685 1251 1752 Romanae
1286 1688 1402 1773 majes-

345 1785 426 1850 tatis
457 1785 557 1852 fidem
589 1809 751 1866 reverens,
776 1786 966 1854 Christiano
997 1793 1032 1853 et
1063 1794 1177 1854 sancto
1205 1789 1285 1866 vire,
1304 1789 1403 1875 jussu

346 1886 479 1972 quidem
517 1887 669 1974 praedicti
707 1888 802 1976 regis,
824 1887 968 1956 nefando
999 1911 1054 1955 ore
1077 1889 1321 1956 fraternitatem
1343 1891 1402 1956 ab-

344 1989 489 2074 negavit.
535 1989 608 2070 Quo
639 1991 773 2056 tandem
796 1990 960 2068 defirnctc,
983 1989 1149 2057 inlocum
1172 1991 1243 2076 ejus
1265 1990 1512 2085 quidamcenra

346 2089 504 2154 Girardus
544 2091 698 2170 succedit,
733 2093 774 2156 de
806 2091 898 2178 cujus
928 2091 1094 2170 electione,
1135 2091 1213 2170 vita,
1244 2092 1399 2172 moribus,
1410 2085 1531 2198 {iffoeffl'
1630 2181 1632 2184 Ι

344 2199 379 2256 ct
409 2191 591 2256 miserrimo
622 2192 726 2270 obitu,
748 2193 866 2259 melius
897 2197 948 2258 est
970 2193 1065 2258 silere
1099 2215 1199 2278 quam
1222 2193 1398 2278 quicquam
1450 2163 1521 2200 ⁰³⁸⁸

344 2293 432 2378 quod
447 2291 646 2359 Christianae
669 2294 805 2380 pietatis
827 2315 922 2360 aures
946 2295 1093 2361 offendat
1115 2317 1274 2360 enarrare.

388 2395 521 2461 Interea
544 2397 637 2461 sedes
663 2397 855 2482 Apostolica
876 2397 917 2463 de
948 2397 1155 2464 investituris
1187 2397 1396 2464 ecclesiarum
1409 2409 1507 2464 Iertes

343 2517 418 2561 cum
455 2517 531 2583 rege
569 2497 754 2584 Anglorum
792 2503 983 2564 constanter
1019 2499 1202 2564 actitabat:
1236 2499 1324 2564 unde
1362 2477 1518 2596 etffflss¹²¹¹
1530 2547 1569 2598 11.

343 2598 438 2663 bonae
460 2599 627 2664 memoriae
650 2598 819 2665 Paschalis
841 2621 928 2686 papa
958 2599 1104 2666 scribens
1134 2600 1179 2666 ad
1200 2600 1556 2665 Anselmnmtonoselm

343 2697 633 2786 archiepiscopum,
657 2721 732 2765 eum
764 2699 905 2786 provida
927 2700 1165 2766 deliberatione
1188 2723 1255 2766 non
1278 2677 1565 2797 debefeiffitture.

343 2821 542 2886 permanes
572 2801 730 2884 laicorum
761 2802 979 2868 investituras
1009 2801 1219 2868 eeclesiarum
1244 2803 1317 2867 dari
1340 2803 1396 2869 de-

174 2909 291 2986 chmet
345 2903 510 2980 crevisset,
543 2908 658 2988 postea
691 2903 738 2970 sic
775 2903 897 2968 infert:
941 2913 1014 2970 Hac
1052 2913 1094 2968 ita
1131 2912 1242 2979 doceas,
1277 2903 1396 2990 inquit,
1425 2951 1428 2956 ι

174 2975 333 3094 ffiffg'*
346 2999 423 3056 sicut
445 3007 497 3056 tuo
520 3001 576 3057 scis
603 3001 742 3073 primatui
766 3001 910 3074 expedire,
941 3020 1028 3074 qnam
1059 3003 1188 3074 prolecto
1218 3003 1396 3060 statemitati

175 3107 210 3158 531,
222 3079 299 3173 ὁθῄ,
346 3096 405 3146 tuae
437 3089 479 3146 ita
501 3091 622 3163 plenum
644 3096 674 3146 et
696 3091 844 3162 integrum
867 3091 1081 3157 confirmamus,
1106 3091 1182 3146 aient
1203 3110 1221 3146 a
1243 3091 1302 3146 tuis
1325 3111 1395 3150 con-

345 3185 404 3236 stat
430 3180 688 3252 praedecesaoribus
722 3180 811 3236 fuisse
842 3198 1015 3252 possessum.
1070 3171 1122 3235 De
1144 3169 1238 3256 eujus
1270 3172 1392 3258 prima·

344 3265 399 3326 tus
418 3259 665 3326 confirmatione
680 3260 761 3325 item
777 3259 951 3338 Paschalis,
967 3260 1125 3326 Anselmo
1141 3260 1207 3326 sic:
1230 3270 1393 3339 Quondam,

175 3363 249 3430 idn.
263 3367 302 3416 7³.
343 3349 463 3435 inquit,
495 3359 527 3413 in
561 3358 655 3414 literis
686 3359 723 3414 ab
753 3357 924 3430 Apostolica
964 3359 1030 3415 sede
1064 3357 1119 3414 tibi
1153 3358 1281 3426 directis,
1315 3359 1393 3415 Oan-

341 3447 497 3504 tnariensis
530 3447 659 3504 ecelesias
690 3447 860 3519 primatum,
888 3447 931 3504 ita
960 3448 1016 3504 tibi
1045 3449 1166 3520 plenum
1188 3449 1392 3516 concessimus,

342 3537 418 3592 sient
439 3556 458 3592 a
479 3535 539 3592 tuis
561 3541 675 3593 constat
697 3536 955 3608 praedecessoribus
979 3537 1067 3594 fnisse
1088 3554 1259 3609 possessum.
1305 3539 1393 3594 Nune

325 3629 440 3682 'autem
464 3625 658 3698 petitionibus
681 3625 741 3682 tuis
766 3632 939 3692 annuentes,
962 3631 1022 3682 tam
1046 3625 1100 3682 tibi
1126 3643 1214 3697 qnam
1236 3627 1296 3682 tuis
1319 3627 1390 3698 legi·

341 3715 423 3772 timis
441 3715 651 3771 successoribus
677 3715 802 3771 eundem
825 3715 994 3788 primatum,
1021 3721 1052 3771 et
1076 3714 1214 3786 quicquid
1236 3715 1390 3787 dignitatis

341 3823 392 3860 seu
425 3803 577 3877 potestatis
603 3804 697 3860 eidem
722 3810 830 3861 sanctae
862 3804 1065 3862 cantuariensi
1095 3821 1147 3858 seu
1177 3805 1390 3861 Dorobernensi

341 3893 469 3951 ecelesia
493 3893 638 3966 pertinere
664 3894 859 3965 cognoscitur,
886 3894 979 3950 literis
1010 3891 1203 3966 prasentibus
1236 3893 1388 3950 confirma·
1459 3927 1463 3938 ·

341 4001 415 4038 mus.

385 4062 491 4129 Porro*
507 4063 675 4140 Girardus,
697 4068 832 4148 accepto
854 4063 955 4149 pallio
977 4062 1019 4127 de
1041 4063 1155 4142 Roma,
1179 4061 1386 4128 Britanniam
1400 4074 1497 4125 Geram

340 4165 484 4244 veniens,
507 4171 623 4232 contra
644 4165 812 4231 decretum
836 4165 962 4230 domini
995 4185 1091 4251 papae
1123 4187 1182 4250 pro
1212 4141 1542 4258 voluntateffiffihahis

339 4268 426 4354 regis
456 4269 604 4355 graviter
635 4266 795 4332 mentitus
825 4271 882 4332 est.
929 4267 1197 4352 Insanamque
1226 4266 1291 4332 fide
1321 4286 1388 4350 qua
1464 4345 1466 4348 .

339 4370 452 4436 vivere
487 4370 658 4456 episeopus
688 4368 795 4446 debet,
813 4368 952 4453 juravit,
975 4369 1054 4454 quia
1083 4374 1198 4434 contra
1219 4368 1388 4434 decretum

339 4493 437 4535 suum
460 4471 614 4537 dominus
637 4491 724 4556 papa
746 4470 817 4556 regi
839 4469 1023 4555 Anglorum
1046 4469 1263 4536 investituras
1286 4469 1386 4536 eccle·

339 4573 463 4638 siarum
498 4573 717 4640 concessisset.
779 4571 854 4652 Qua
891 4572 932 4637 de
970 4593 1004 4636 re
1044 4572 1191 4659 epistolae
1224 4571 1280 4636 vel
1317 4571 1387 4636 An·

338 4674 433 4740 selrni
455 4676 499 4741 ad
521 4675 720 4750 Paschalem,
736 4673 790 4739 vel
813 4673 979 4739 Paschalis
995 4673 1038 4738 ad
1055 4674 1250 4739 Ansehnum
1264 4672 1387 4738 haben-

339 4780 404 4842 tur.
462 4777 545 4844 Hrec
578 4783 614 4844 et
646 4775 714 4842 alia
744 4775 797 4840 his
828 4775 952 4841 similia
983 4775 1142 4841 Girardus
1174 4769 1387 4842 Ebora'eensis
