3410 5840
364 883 431 948 522
789 891 975 946 arrasam.

365 1093 438 1148 lium
462 1093 585 1148 Romam
619 1091 764 1163 profectus
788 1087 838 1147 esl
860 1088 895 1146 ei
925 1091 1037 1164 aliquoi
1060 1089 1122 1146 dies
1145 1089 1187 1146 ibi
1210 1097 1340 1148 moratus
1362 1097 1416 1147 esi.

363 1183 422 1238 Ubi
454 1183 486 1236 in
521 1181 652 1254 pluribus
685 1199 837 1238 causarum
869 1181 1032 1236 actionibus
1067 1181 1191 1236 scicntia
1219 1181 1417 1246 ebsacundia

364 1271 427 1342 ejus
450 1272 569 1328 laudata
591 1276 621 1326 ei
652 1271 820 1344 approbata,
845 1290 863 1325 a
885 1271 1044 1326 reverendo
1078 1289 1153 1342 papa
1177 1271 1322 1336 Paschali,
1345 1276 1376 1326 ab
1398 1289 1417 1326 a

363 1368 425 1417 tola
459 1361 539 1417 curia
561 1362 719 1416 honoratus
741 1365 786 1414 est
807 1366 837 1415 ei
871 1349 1024 1431 magnifica
1047 1360 1190 1416 laudatus.
1236 1351 1335 1416 Unde
1366 1373 1414 1415 re·

365 1465 478 1507 versus
512 1452 549 1506 ab
575 1450 742 1521 Apostolica
774 1450 841 1504 sede
875 1450 998 1520 pallium
1031 1462 1105 1505 cum
1136 1440 1320 1526 privilegiis
1350 1441 1415 1505 sibi

363 1532 555 1613 necessariis
578 1535 765 1614 susceptum
789 1551 899 1594 secum
925 1530 1063 1594 Eboraci
1087 1529 1286 1614 deportavit.

410 1622 476 1686 Hic
510 1621 598 1684 idem
620 1628 854 1700 archiepiscopus
876 1628 1026 1684 ecclesiam
1049 1628 1085 1684 de
1119 1625 1250 1684 Laxans
1283 1629 1431 1686 ecclcsiae.

363 1726 470 1776 nostra
487 1719 517 1774 in
534 1717 720 1790 praebendam
744 1717 807 1772 dari
830 1735 848 1772 a
862 1735 931 1788 rege
953 1717 1092 1783 obtinuit,
1113 1723 1143 1772 el
1157 1719 1196 1772 vi.
1214 1719 1412 1784 ecclesiarum,

364 1829 434 1881 quas
469 1809 505 1864 ds
527 1808 607 1862 villis
630 1807 690 1862 suis
723 1825 773 1862 rex
796 1807 824 1862 ci
858 1807 948 1872 dedii,
984 1807 1118 1872 Driffeld,
1143 1807 1269 1873 Killum,
1304 1809 1411 1864 Pocke·

364 1901 470 1964 linbon,
508 1897 674 1966 Piksringe,
712 1897 817 1962 Borcb,
850 1896 966 1960 Scneid,
1002 1897 1130 1968 quinque
1169 1899 1277 1952 Sancto
1316 1899 1412 1962 Pabr0,

363 1995 473 2044 serlum
496 2006 574 2053 veru,
590 1977 714 2042 seiliuel
737 1985 837 2049 Sneid‚
853 1985 934 2040 dedis
957 1986 1064 2041 Sancto
1088 1985 1232 2041 Germano
1255 1988 1290 2042 dc
1308 1988 1413 2043 Selebi.

196 2065 344 2142 Deathand
407 2079 492 2136 vixis
514 2083 612 2132 cubem
636 2076 667 2130 in
690 2075 939 2146 archiepiscopatu
953 2076 1039 2129 annis
1054 2075 1106 2129 vii.
1129 2082 1160 2130 eb
1183 2077 1330 2132 mensibus
1354 2079 1413 2132 fera

196 2133 287 2182 anal.
363 2187 403 2234 v.,
426 2174 457 2222 es
487 2169 651 2221 n⁰c0v1110
684 2177 780 2231 anno,
804 2164 852 2218 xii.
888 2155 1047 2220 kalendas
1080 2165 1173 2229 lunii,
1198 2157 1287 2242 apud
1311 2157 1412 2222 Such-

364 2249 492 2314 wellam
508 2255 590 2320 obiil,
608 2250 643 2310 el
664 2245 707 2308 ad
731 2245 898 2310 ecclesiam
922 2245 1038 2310 Sancti
1054 2245 1144 2310 Pari
1161 2245 1256 2310 Ebur.
1274 2247 1414 2324 delatus,

277 2351 283 2362 '
363 2351 409 2415 ibi
434 2349 582 2434 sepultus
605 2352 663 2412 aab.

194 2479 306 2530 Thomas
315 2481 349 2530 ll.
408 2472 539 2544 Septima
562 2466 673 2526 aubem
697 2468 744 2523 die
767 2468 904 2524 suceessib
926 2469 952 2524 oi
977 2470 1101 2524 Thomas
1132 2471 1211 2540 regis
1233 2473 1410 2544 capellanus,

364 2562 463 2620 Sancti
499 2559 642 2618 Johannis
676 2559 890 2614 Beverlacensis
922 2549 1065 2615 eeclesiae
1103 2561 1286 2631 praeposiius,
1320 2583 1410 2635 nepos

363 2653 481 2708 Thema
503 2649 653 2705 reverendi
670 2647 807 2712 Sanioris,
823 2648 870 2701 cui
886 2665 935 2704 rex
958 2649 1059 2703 eodem
1074 2649 1132 2715 die,
1149 2651 1196 2705 vel
1212 2651 1243 2706 in
1265 2653 1409 2723 proximu,
1423 2653 1510 2718 Hugh,
1521 2671 1567 2718 pp·

363 2742 595 2797 Lundoniensem
637 2737 834 2809 episcopatum
877 2737 1006 2803 daturus,
1046 2738 1235 2809 requisilione
1273 2742 1410 2814 Hugonis
1425 2723 1532 2770 ¹⁸4²·

362 2832 463 2888 decani
486 2836 517 2886 ei
539 2827 720 2902 quorundam
742 2827 778 2882 de
801 2827 918 2892 nostris,
943 2827 993 2898 qni
1016 2832 1087 2882 bunc
1112 2834 1197 2884 erant
1218 2830 1255 2885 ad
1287 2833 1409 2898 curiam,

362 2921 516 2978 consilium
556 2917 692 2982 mutavit,
730 2921 760 2971 ul
791 2915 818 2970 ci
852 2917 1060 2972 Eboracensem
1096 2918 1245 2974 ecclesiam
1278 2923 1409 2978 tradidit.

339 3012 524 3092 *Mullorum
546 3005 696 3064 desideriis
719 3005 780 3060 dies
804 3003 854 3060 ille
884 3006 1062 3061 desiderabas
1085 3005 1215 3074 adranii,
1239 3012 1354 3080 quando
1379 3013 1410 3068 in

362 3100 577 3171 metropolitem
611 3095 779 3166 metropolis
816 3101 917 3150 nostra
953 3096 1039 3149 illum
1077 3097 1212 3168 suscepit,
1247 3099 1351 3171 quibus
1385 3103 1410 3156 si

361 3197 447 3246 unlea
468 3187 589 3258 elegisse
614 3185 753 3248 licuisset,
777 3184 895 3240 Thomae
919 3185 1054 3250 Thomas,
1077 3191 1181 3256 pair-uu
1203 3207 1302 3259 nepos,
1327 3192 1410 3263 quasi

358 3279 424 3349 jure
447 3275 621 3332 hereditario
655 3274 787 3345 proxime
810 3275 998 3330 successisset.
1045 3275 1116 3329 sal
1147 3277 1226 3330 anim
1249 3279 1328 3350 apud
1357 3299 1409 3336 nos

344 3371 413 3424 -sub
445 3373 549 3439 patruo
571 3381 623 3420 suo
655 3362 773 3418 amabili
797 3368 828 3418 eb
860 3363 1007 3419 amicabili
1039 3363 1187 3431 educatus,
1211 3371 1241 3422 st
1273 3368 1409 3424 decenter

360 3459 501 3522 eruditus,
525 3454 653 3510 muribus
675 3457 706 3507 eb
728 3453 946 3508 conversatione
980 3459 1091 3524 gratus,
1115 3455 1234 3527 ipseque
1265 3459 1407 3532 archiepi-

360 3566 462 3619 scopus
485 3547 577 3600 sacbus
600 3561 652 3614 pro
674 3543 927 3613 consanguinitate
948 3547 979 3596 cl
1000 3543 1128 3598 numinis
1150 3545 1354 3615 similitudine,
1377 3555 1408 3603 ei

360 3639 458 3710 aliqua
482 3651 594 3692 morum
626 3632 835 3687 consuetudins
871 3638 1007 3704 pabrnum
1041 3650 1126 3688 suum
1149 3633 1233 3690 nobis
1265 3635 1295 3708 in
1319 3657 1349 3694 se
1371 3658 1408 3694 ex

360 3733 441 3800 parte
464 3723 623 3781 reddidisse
645 3721 725 3777 visus
747 3727 799 3777 esi.

406 3809 504 3872 Pater
525 3803 626 3889 hujus
649 3802 784 3866 Thomas
807 3801 946 3866 Samson
969 3802 1034 3866 suis
1056 3812 1092 3866 de
1126 3813 1309 3870 nobilissima
1332 3817 1405 3872 Nor·
1420 3825 1521 3877 Riaof

361 3922 535 3962 marinorum
566 3901 700 3974 prcsapia
732 3899 882 3964 oriundus,
915 3900 962 3954 vir
992 3906 1023 3955 ei
1060 3902 1122 3974 ipse
1156 3905 1335 3974 magnificus
1374 3905 1409 3964 el
1424 3891 1561 3954 Hffissms

361 3999 456 4068 primo
488 3982 625 4048 Hemiel
659 3990 736 4060 regis
770 3989 939 4060 Auglorum
977 3991 1154 4061 capellense,
1188 3962 1479 4054 etBaioes11ais⁰'⁵'

360 4085 488 4143 ecclesias
521 4080 728 4144 thesaurarius,
763 4080 810 4134 cui
848 4078 937 4134 eliam
975 4080 1127 4146 Ricardus,
1161 4083 1240 4138 filius
1277 4085 1407 4156 ejusdcm

361 4175 518 4238 Samsonis,
542 4176 641 4244 postea
672 4167 832 4240 pontificali
864 4167 1008 4238 dignitate
1040 4171 1168 4240 praefuib,
1193 4173 1297 4230 deinde
1329 4177 1407 4232 idam

360 4269 481 4324 Samson
504 4260 704 4333 Wigornensis
726 4258 875 4328 spiscopus
898 4258 1004 4312 extitit.

345 4357 348 4364 “
404 4357 440 4410 In
463 4355 518 4408 hoc
534 4351 625 4421 igilur
649 4348 780 4403 Secundo
803 4347 923 4413 Thema,
940 4339 1009 4402 filio
1032 4341 1212 4424 supradicti
1230 4345 1406 4424 Samsonis,
1420 4359 1459 4408 Id.
1472 4375 1496 4410 c.
1511 4365 1538 4412 6.

357 4447 421 4502 viro
444 4439 606 4515 perspicue,
623 4437 797 4492 laudabilem
818 4441 931 4492 nalurae
955 4437 1052 4492 dotem
1074 4440 1249 4496 multimoda
1263 4443 1405 4500 vincutum

190 4541 333 4613 Pareulaga
358 4534 487 4606 insignia
508 4529 621 4585 affatim
644 4527 828 4582 exornabant.
875 4527 992 4596 Ingenii
1023 4530 1186 4593 naturalem
1220 4532 1405 4600 vivacitatem

190 4613 310 4664 audcha-
359 4628 522 4682 nmmum
569 4617 691 4673 scientia
728 4622 758 4672 ab
800 4615 940 4671 sermonis
978 4617 1113 4673 facundia
1153 4623 1405 4682 commendabant.

189 4681 311 4798 {sagmas
360 4711 516 4786 Largiendi
548 4706 754 4779 dapsilitatem,
787 4710 871 4775 graia
901 4707 1000 4762 rullus
1023 4706 1166 4775 hilaritas,
1199 4707 1234 4767 el
1270 4720 1406 4787 prompta

360 4804 451 4862 animi
485 4797 651 4868 benignitas
685 4795 920 4866 magnificabant.
983 4796 1076 4868 Super
1100 4817 1258 4869 egenorum
1293 4805 1403 4877 inopia,

360 4899 529 4953 massoram
558 4885 690 4952 tristitia,
724 4884 897 4942 afflictorum
928 4885 1055 4952 miseria,
1090 4905 1178 4958 quam
1216 4892 1405 4951 ineffabiliter
