3582 5798
426 869 491 930 118
559 882 708 932 ursronr
731 883 775 930 or
799 881 891 932 rous
914 882 1151 932 xacnsrsnors
1174 885 1217 932 or
1240 884 1335 933 roni<

426 1077 442 1102 ‘¹
466 1068 580 1146 audeo,
603 1068 856 1154 prohibentibus
877 1069 944 1134 illis
977 1069 1098 1156 quibus
1131 1092 1270 1155 praeesse
1302 1069 1412 1146 debeo,
1436 1091 1478 1134 ex

427 1179 444 1205 “
467 1177 561 1256 parte
597 1169 754 1237 Romanae
790 1171 941 1248 ecclesiae‚
965 1177 999 1236 et
1036 1173 1160 1257 paratis
1195 1171 1369 1236 defendere
1407 1171 1477 1235 loco

428 1281 443 1306 “
467 1277 652 1358 opportuno
675 1279 710 1337 et
724 1277 871 1358 tempore
888 1349 890 1354 .
909 1272 1148 1338 Eboraoensem
1187 1273 1356 1339 ecclesiam
1388 1271 1477 1357 quod

428 1383 445 1409 “
467 1375 613 1460 exigitur
635 1381 767 1440 tantum
790 1397 857 1440 non
879 1375 1023 1440 debere?

473 1477 685 1543 Persuasione
715 1477 936 1562 loquebantur
969 1477 1114 1563 episcopi
1147 1499 1190 1542 ne
1221 1477 1372 1542 turbaret
1408 1497 1479 1560 reg·

428 1602 517 1656 num,
540 1600 582 1644 ne
606 1579 770 1644 divideret
802 1579 977 1644 ecclesiam.
1025 1578 1103 1643 Non
1127 1585 1198 1644 erat
1231 1579 1347 1644 melior
1379 1599 1479 1663 quam

262 1683 286 1730 Α
299 1689 358 1730 ηοω
428 1687 567 1768 patruus
601 1701 687 1744 suus.
743 1680 788 1744 Et
825 1680 899 1746 ille:
938 1689 956 1714 “
966 1680 1051 1746 Cum
1082 1680 1128 1744 sit
1166 1686 1307 1766 utraque
1345 1679 1480 1746 ecclesia

260 1747 408 1863 iiiidrence
430 1791 447 1817 “
469 1783 570 1847 unius
593 1783 686 1868 regni
709 1788 743 1847 et
766 1782 864 1846 unius
888 1803 1024 1859 coronae,
1048 1803 1116 1846 non
1148 1788 1199 1847 est
1229 1783 1398 1849 eeclesiam
1429 1781 1479 1845 di-

262 1882 372 1996 qepooeu
429 1893 446 1918 “
468 1885 590 1962 videre,
614 1906 711 1948 suum
734 1885 852 1968 cuique
870 1883 928 1969 jus
960 1884 1045 1949 velle
1081 1883 1231 1948 retinere.
1287 1883 1396 1969 Culpa
1429 1887 1480 1946 est

260 1962 375 2062 amsii?
431 1995 448 2022 “
470 1987 596 2052 homini
628 1987 722 2072 cujus
761 1986 885 2070 injiuia
921 1986 1070 2051 turbatio
1100 1985 1202 2050 venit.
1258 1985 1304 2050 Et
1341 1989 1479 2070 patruus

260 2079 373 2142 bisuops.
431 2097 447 2124 “
470 2111 563 2153 meus
586 2089 667 2173 quid
690 2093 724 2152 et
746 2087 909 2172 quomodo
932 2087 1145 2172 Lani[ranco]
1170 2089 1294 2165 lecerit,
1315 2087 1398 2154 bene
1421 2108 1479 2151 au-

158 2179 164 2190 ’
430 2205 446 2230 “
470 2196 558 2260 divi:
586 2195 674 2280 quod
701 2216 779 2259 vero
811 2194 967 2260 Anselmo
1000 2193 1243 2280 archiepiscopo
1278 2195 1390 2281 egerit,
1414 2215 1480 2257 me·

428 2307 446 2332 ‘¹
468 2299 533 2362 lius
555 2298 643 2362 novi.
690 2297 767 2362 Jam
791 2303 871 2362 tunc
894 2319 983 2362 eram
1006 2319 1081 2362 cum
1105 2319 1152 2362 eo.
1199 2297 1235 2362 Si
1259 2297 1340 2382 quid
1362 2302 1479 2382 sponte

428 2409 445 2434 “
468 2400 522 2465 vel
544 2400 671 2464 invitus
694 2421 864 2485 perperam
887 2398 1027 2476 fecisset,
1050 2398 1137 2462 nihil
1159 2399 1202 2464 ab
1225 2421 1263 2464 eo
1295 2398 1478 2464 hereditate

430 2511 447 2538 “
469 2501 647 2589 possideo.''

262 2618 391 2683 uuekiug
478 2606 598 2669 Literis
621 2604 777 2687 utrinque
801 2603 909 2666 missis
932 2607 967 2667 et
982 2603 1133 2681 remissis,
1157 2603 1286 2668 nuntiis
1308 2603 1480 2687 utriusque

261 2685 386 2801 ffiffin
431 2707 587 2773 euntibus
625 2712 659 2770 et
696 2703 919 2781 redeuntibus
966 2703 1173 2788 aliquantum
1206 2705 1363 2789 temporis
1408 2725 1481 2789 pro·

263 2818 365 2893 cnutho
432 2815 581 2886 cesserat,
604 2831 678 2873 curn
703 2808 837 2872 tandem
871 2829 930 2871 rex
964 2807 1004 2871 de
1040 2807 1248 2872 Normaunia
1270 2809 1382 2872 literas
1406 2828 1482 2872 suas

262 2885 391 2949 ΜΨ·
430 2913 474 2978 ad
517 2911 796 2996 archiepiscopum
841 2909 940 2985 misit,
979 2909 1139 2974 mandans
1188 2909 1406 2975 amicabiliter
1444 2917 1482 2973 ut

431 3017 473 3080 ab
496 3015 558 3080 hac
591 3013 845 3078 summonitione
873 3017 908 3075 et
930 3011 1141 3096 professionis
1175 3013 1346 3078 exactione
1381 3012 1481 3077 desis·

431 3125 524 3193 teret,
559 3117 662 3180 donec
684 3117 754 3200 ipse
788 3116 823 3177 in
855 3112 1011 3198 Angliam
1040 3114 1170 3178 rediret.
1222 3114 1315 3180 Tunc
1337 3115 1481 3199 quidem,

431 3219 501 3284 Deo
524 3217 716 3292 auxiliante,
750 3215 800 3278 illi
834 3217 1065 3280 controversiae
1088 3215 1185 3280 finem
1224 3216 1369 3282 hostiurn
1406 3218 1482 3302 [sic]

431 3321 621 3407 imponeret.
678 3319 732 3384 ita
772 3317 867 3383 electi
901 3318 1006 3382 nostri
1039 3319 1239 3384 consecratio
1273 3319 1400 3384 diutius
1432 3320 1483 3382 in·

431 3424 565 3490 duciata
587 3428 644 3488 est.

477 3525 609 3590 Interea
630 3523 695 3601 ille,
719 3523 824 3588 literis
847 3545 868 3588 a
890 3523 1036 3608 capitulo
1068 3523 1109 3586 de
1143 3523 1302 3590 electione
1336 3545 1395 3588 sua
1429 3546 1482 3589 ac·

432 3629 544 3714 ceptis,
582 3632 715 3713 propter
747 3627 990 3691 contentionem
1031 3625 1116 3690 hanc
1153 3625 1410 3702 monstrandam,
1448 3631 1482 3690 et

432 3731 570 3815 pallium
593 3728 827 3814 requirendum
850 3727 989 3792 Romam
1020 3733 1178 3813 pergeret.
1225 3727 1392 3794 Favonius
1425 3750 1482 3792 no-

265 3841 394 3912 Theking
432 3833 484 3896 bis
508 3853 659 3918 prospere
693 3829 803 3906 flabat,
837 3831 915 3914 quia
950 3851 1008 3893 rex
1046 3835 1158 3894 noster
1186 3829 1330 3914 justitiae
1361 3835 1483 3896 nostrae

264 3912 387 4028 ffism
434 3935 516 4000 bene
539 3931 682 3998 favebat.
730 3931 833 3994 Dedit
856 3952 932 4016 ergo
956 3951 1014 3994 rex
1049 3929 1181 3994 domino
1215 3931 1338 3997 decano
1370 3931 1483 3998 literas

264 4044 406 4108 approving
435 4059 517 4112 suas,
551 4035 660 4120 [quas]
691 4035 760 4119 ipse
798 4032 940 4117 petebat,
978 4032 1021 4096 ad
1060 4032 1230 4096 dominum
1267 4053 1386 4118 papam
1424 4055 1483 4119 pro

264 4111 536 4240 {ls‘ffiplffh'eleoto
574 4141 686 4200 nostro
723 4134 1016 4209 commendatitias,
1055 4136 1285 4212 excusatorias,
1331 4135 1483 4222 depreca-

266 4242 380 4300 electiori,
436 4241 544 4314 torias,
567 4237 654 4322 quod
679 4237 749 4301 viro
772 4237 854 4300 bene
888 4235 1027 4311 literato,
1062 4241 1159 4314 casto,
1190 4241 1225 4301 et
1251 4237 1414 4324 religioso,
1449 4245 1484 4304 et

266 4307 417 4372 andasking
541 4341 548 4354 .
700 4341 706 4352 .
755 4339 760 4350 .
1334 4340 1340 4353 .

266 4372 349 4422 thara
434 4362 597 4416 canonice,
619 4339 935 4424 archiepiscopatum
963 4344 1173 4414 concesserat,
1197 4339 1253 4403 sed
1286 4340 1481 4424 quibusdam

264 4441 337 4554 ἔξω
433 4443 539 4508 causis
562 4441 778 4516 obstantibus
811 4441 934 4526 absque
966 4463 1087 4527 magna
1118 4439 1321 4518 difficultate,
1344 4441 1483 4512 Romam

267 4513 413 4622 egilii&
435 4545 546 4609 venire
569 4565 636 4607 non
659 4565 759 4628 posse.
807 4543 1016 4629 Quapropter
1038 4544 1233 4629 paternitati
1256 4565 1324 4608 suae
1358 4545 1483 4630 suppli-

267 4639 393 4688 settlethe
435 4647 539 4722 oabat,
572 4651 611 4709 ut
648 4645 829 4731 quemlibet
866 4669 887 4711 a
909 4647 1011 4712 latere
1049 4668 1108 4710 suo
1143 4647 1261 4724 virum,
1280 4647 1411 4732 justum
1448 4654 1483 4713 et

266 4703 372 4768 ‘¹5⁸¹'th
433 4751 618 4826 discretum,
641 4749 676 4812 in
699 4747 853 4834 Angliaffl
877 4749 1034 4826 millereb
1050 4749 1108 4834 qui
1123 4748 1226 4816 ⁰¹⁶⁰l⁰
1241 4747 1483 4837 mhiepiswpo
