3558 5786
651 855 811 904 auterens
835 855 1010 904 maurae.
1309 841 1349 903 15

296 1039 385 1105 tibus
426 1041 561 1108 secretis
606 1042 797 1120 admixtus,¹
838 1064 927 1110 nunc
964 1043 1135 1110 beatorum
1172 1041 1352 1128 spirituum
1369 1049 1474 1100 Ourud

297 1141 408 1208 crebra
432 1143 625 1232 visitatione
649 1145 851 1230 perfunctus,
867 1166 957 1211 nunc
978 1145 1015 1210 in
1037 1143 1233 1210 exhibendis
1256 1143 1355 1210 mira·
1367 1116 1473 1233 {iffi

300 1242 381 1308 culis
412 1244 533 1310 celebri
557 1244 701 1313 efficacia
721 1246 836 1313 fretus.
883 1247 949 1314 Hic
970 1248 1087 1313 audita
1109 1247 1240 1312 eximiae
1263 1267 1355 1311 sanc-

299 1345 406 1410 titatis
447 1347 545 1426 fama,
581 1371 656 1433 quae
698 1349 839 1414 Beatum
873 1349 1066 1414 Oswaldum
1104 1349 1356 1432 circumquaque

300 1448 540 1534 magnificabat,
563 1451 701 1515 mittens
723 1473 798 1516 eum
830 1451 1023 1530 accersivit3
1045 1472 1088 1516 ex
1111 1450 1357 1516 conversatione

300 1549 390 1614 iliius
421 1550 565 1636 pleniter
587 1552 730 1618 ediscere
763 1553 916 1639 gestiens,
947 1553 1083 1640 vulgata
1105 1552 1217 1638 opinio
1239 1573 1358 1616 verave

302 1651 460 1730 extiterit,
499 1674 609 1720 necne.
671 1652 751 1720 Post
797 1653 926 1740 aliquot
964 1675 1042 1720 vero
1079 1651 1149 1720 dies
1195 1658 1360 1740 comperte

303 1754 390 1838 quod
424 1755 660 1843 investigabat,
693 1756 837 1821 multum
869 1760 1026 1841 praestare
1063 1755 1130 1820 illis
1161 1775 1235 1841 quae
1272 1755 1361 1820 fama

303 1856 512 1942 disperserat,
535 1857 671 1944 gavisus
694 1862 766 1938 est3
787 1863 823 1923 et
844 1857 880 1922 in
905 1857 1088 1944 gratiarum
1120 1857 1267 1926 actiones
1288 1854 1359 1922 Deo

304 1957 359 2043 pio
392 1959 486 2024 eorde
519 1965 554 2024 et
591 1981 646 2025 cre
677 1959 812 2025 solutus.
859 1959 1085 2025 Veruntamen
1122 1980 1209 2044 saepe
1240 1957 1361 2044 agebat

305 2081 378 2124 eum
401 2081 460 2138 e0;
481 2082 550 2126 non
572 2067 612 2126 ut
634 2061 873 2127 firmitudinem
891 2061 995 2126 animi
1017 2061 1088 2147 ejus
1112 2061 1206 2146 qusai
1229 2079 1360 2144 suspec-

304 2166 373 2226 tum
407 2160 557 2228 habens8
589 2163 784 2249 exploraret,
807 2163 864 2228 sed
898 2160 1005 2229 sicut³
1027 2185 1099 2228 eam
1133 2163 1170 2226 in
1195 2161 1282 2228 bono
1304 2161 1360 2224 fir·

305 2285 392 2328 mum
426 2285 527 2350 penes
558 2286 592 2330 se
624 2264 777 2344 habebat,
801 2265 850 2330 ite
872 2263 1057 2331 veraciter*
1079 2285 1148 2330 esse
1170 2263 1245 2330 aliis
1267 2283 1355 2328 corn·

306 2364 466 2450 probaret.
496 2365 548 2430 'Et
570 2387 685 2431 revera
705 2366 742 2430 in
766 2367 856 2430 omni
871 2363 1060 2431 virtutum¹⁵
1075 2365 1189 2431 decore
1204 2363 1363 2449 probatus

306 2471 454 2551 repertus
477 2473 535 2544 eat,
558 2488 661 2553 eoque
683 2489 751 2532 non
773 2469 870 2533 modo
893 2468 1006 2544 abeo,
1029 2488 1145 2532 verum
1169 2471 1204 2532 et
1223 2465 1266 2532 ab
1289 2464 1363 2530 aliis

307 2569 478 2653 praeatenti
516 2575 566 2634 est
599 2567 743 2635 affectu⁶
777 2569 924 2636 dilectus.
986 2568 1087 2634 Unde
1124 2567 1214 2632 beati
1252 2565 1363 2652 patrui

308 2669 379 2754 ejus
401 2670 565 2756 dignitate
587 2692 755 2757 perpensa,
779 2675 850 2735 tam
876 2671 957 2736 vitae
980 2669 1071 2734 illius
1087 2667 1240 2754 qualitas,
1263 2687 1362 2752 quam

310 2792 435 2836 morum
467 2772 614 2858 probitas
648 2778 699 2838 est
721 2773 758 2836 in
781 2772 936 2838 Oawaldo
958 2775 1079 2857 praeter
1101 2769 1205 2836 solam
1227 2774 1361 2834 aetatem

310 2878 343 2936 et
364 2873 586 2958 pontificalem
609 2874 808 2960 dignitatem
831 2878 902 2939 tota
924 2893 1020 2960 paene
1042 2876 1180 2957 reperta.

356 2993 406 3056 12.
430 2991 519 3055 Dum
551 2991 656 3077 igitur
694 2992 767 3056 vita
803 2997 838 3056 et
865 3013 971 3057 mores
997 2991 1033 3054 in
1063 3012 1101 3056 eo
1138 2989 1358 3055 imitabantur

311 3093 507 3179 dignitatem
531 3093 705 3179 pontificis,
720 3098 814 3158 ratus
830 3099 881 3158 est
896 3093 1020 3158 Beatus
1035 3092 1231 3186 Dunstanus
1253 3092 1360 3177 ipsam

311 3196 414 3260 vitam
439 3202 473 3260 et
495 3217 601 3260 mores
624 3193 715 3260 illius
744 3195 821 3280 jure
844 3195 1060 3261 sullimandos
1083 3195 1248 3281 dignitate
1280 3215 1361 3280 pon·

313 3297 415 3363 tificis.
463 3297 729 3378 Quamobrem
752 3297 844 3362 adito
869 3295 1021 3382 Edgaro,⁷
1043 3318 1108 3382 quo
1138 3317 1213 3382 rege
1236 3317 1295 3381 per
1320 3294 1356 3358 id
1376 3303 1495 3382 panum

310 3399 465 3486 temporis
505 3398 629 3485 Anglia
662 3397 874 3483 gloriabatur,
905 3398 1130 3463 venerandum
1170 3396 1362 3462 Oswaldum
1375 3372 1480 3499 ¹3¹5}ssss

311 3520 420 3564 secum
442 3499 594 3577 adduxit,
622 3521 762 3584 eumque
785 3521 845 3585 pro
868 3499 996 3564 meritis
1019 3499 1087 3563 suis
1111 3498 1176 3585 ipsi
1199 3502 1490 3564 commen-temate

313 3600 427 3666 earum
449 3599 694 3666 seminariam
716 3602 807 3665 riuus
831 3601 973 3668 induxit.
1022 3601 1111 3681 cure
1134 3600 1255 3686 purae
1278 3567 1510 3698 ere-3:33⁶&

313 3703 443 3770 dicatur
457 3727 479 3770 a
499 3725 629 3769 summo
652 3703 809 3789 pontifice
831 3705 940 3768 virtus
954 3703 1058 3769 animi
1074 3703 1153 3788 ejus,
1169 3701 1357 3768 constantia
1379 3701 1534 3752 Woreeseer.

313 3805 471 3891 propositi
503 3805 582 3891 ejus,
617 3805 791 3892 integritas
825 3827 954 3871 morum
977 3806 1056 3890 ejus
1088 3809 1123 3869 et
1152 3804 1196 3868 ad
1222 3803 1285 3868 hoc
1307 3823 1366 3866 rex

313 3905 382 3990 ipse
412 3912 506 3971 tanto
529 3906 720 3972 testimonio
743 3907 877 3973 credens
911 3905 1104 3992 perducitur
1125 3909 1165 3968 ut
1191 3925 1251 3968 suo
1270 3903 1366 3987 jussu

313 4015 412 4093 atque
430 4009 556 4095 judicio
580 4010 771 4076 cathedram
794 4009 1012 4096 episcopalem
1035 4007 1125 4093 apud
1150 4003 1366 4092 wigornam?

349 4279 588 4331 luunccoelestibus
605 4279 708 4330 secretis
718 4279 815 4330 admix-
897 4279 1057 4345 wimarum]
1079 4277 1227 4340 sanctitutis,
1238 4281 1269 4330 B.

318 4360 369 4424 tue]
389 4375 438 4409 om.
450 4360 482 4410 B.
897 4358 971 4408 ⁶neu
994 4357 1063 4408 uredo
1086 4357 1268 4425 ...affectu]
1301 4375 1366 4424 prm·

349 4437 450 4502 tqum
467 4444 606 4502 suspectum
625 4435 732 4503 habene]
766 4451 816 4486 um.
864 4436 1017 4488 sicutissime
1029 4439 1062 4488 ab
1073 4453 1112 4499 eu,
1123 4437 1159 4488 A.
1171 4439 1201 4488 B.

319 4518 353 4566 A.
364 4517 396 4566 B.
897 4515 908 4554 ⁷
925 4515 1046 4582 Eduaro]
1062 4517 1187 4582 Eadguro,
1199 4517 1234 4567 A.

351 4597 361 4628 ³
378 4595 455 4662 deut]
475 4602 511 4656 ut,
523 4595 558 4644 A.
898 4595 909 4628 ⁸
920 4595 1113 4660 familiaritati]
1128 4594 1307 4657 familiaritate,
1319 4597 1350 4646 B.

349 4675 359 4706 ⁴
372 4691 452 4740 penca
462 4692 488 4724 ae
504 4673 612 4726 habebut
628 4675 666 4725 ita
678 4671 813 4738 ueraciter]
899 4673 909 4706 ⁹
927 4673 1084 4740 Wtqomam]
1100 4673 1269 4739 wigorniam,
1281 4674 1316 4725 Δ.

318 4769 367 4804 om.
379 4755 414 4804 A.
426 4754 458 4803 B.
