3530 5790
587 923 827 974 messianum
851 925 894 973 or
919 927 1023 977 roan.
1261 913 1325 978 325

275 1108 455 1187 ordinatus,
485 1109 649 1195 principio
683 1109 775 1195 regni
814 1109 944 1186 Alfridi,
977 1109 1035 1194 qui
1073 1113 1149 1194 post
1186 1107 1324 1174 fratrem

274 1232 370 1275 suum
403 1211 578 1299 ngridum
611 1211 772 1297 regnavit,
806 1211 982 1277 defunctus
1019 1216 1078 1288 est,
1111 1216 1145 1274 et
1183 1209 1325 1276 Sanetus

272 1312 442 1379 Johannes
464 1313 680 1400 praesulatum
703 1311 1025 1399 Hungustaldensem
1048 1312 1181 1398 aceepit,
1197 1333 1236 1378 ac
1258 1333 1325 1378 uno

272 1435 360 1480 anno
381 1417 498 1480 tenuit.
544 1415 643 1480 Anno
665 1418 778 1479 autem
798 1413 940 1479 seeundo
963 1415 1048 1500 regis
1064 1413 1194 1491 Aifridi‚
1210 1413 1324 1478 eodem

272 1539 347 1606 rege
385 1519 559 1596 invitante,
599 1518 741 1583 Sanetus
787 1525 940 1582 wilfridus
977 1525 1175 1596 episcopatum
1227 1537 1323 1579 suum

271 1629 389 1700 recepit,
413 1626 447 1686 et
470 1620 612 1686 Sanctus
634 1617 803 1684 Joharmes
827 1617 867 1682 de
891 1614 1144 1683 Hestoldesham
1172 1617 1215 1682 ad
1237 1618 1322 1683 Ebo-

272 1743 384 1787 racum
407 1723 597 1801 translatus,
620 1748 672 1803 pro
691 1727 754 1800 jam
777 1727 914 1784 defuneto
937 1729 1021 1796 Bosa,
1046 1719 1082 1782 in
1108 1717 1321 1806 archiepiseo·

271 1822 372 1908 pum1
396 1830 447 1890 est
468 1823 673 1889 sublimatus

315 1927 503 1993 Transactis
534 1931 647 1992 autem
681 1923 826 2012 quinque
858 1923 955 1989 annis
985 1922 1127 1990 Sanetus
1157 1933 1320 2002 wilfridus,
1334 1936 1419 2001 again

270 2023 364 2080 denno
387 2031 536 2082 aecusatus
559 2026 595 2080 ab
617 2023 718 2080 eodem
740 2041 808 2094 rege
830 2029 860 2078 at
882 2021 1017 2094 plurimis
1039 2023 1190 2096 episeopis,
1212 2041 1319 2094 praesu.
1333 2003 1456 2134 fflgilrpd

268 2114 330 2168 latu
353 2115 453 2188 pulsus
487 2121 540 2181 est,
577 2105 778 2190 veniensque
813 2103 961 2179 Romam,
994 2123 1069 2168 cum
1101 2103 1320 2190 praesentibus
1333 2135 1438 2200 „phut

266 2209 511 2274 accusatoribus
545 2209 707 2293 acciperet
734 2207 841 2272 locum
872 2227 907 2270 se
939 2205 1145 2283 defendendi,
1172 2207 1319 2270 omnium
1332 2202 1421 2254 nome.

261 2311 389 2395 judicio
426 2311 601 2397 probatum
640 2315 691 2374 est
727 2314 931 2374 accusatores
969 2307 1040 2393 ejus
1071 2307 1172 2372 falsas
1206 2314 1320 2374 eontra

266 2435 341 2478 eum
373 2411 577 2479 machinasse
611 2409 814 2490 calumnias;
846 2410 1070 2495 scriptumque
1104 2415 1155 2474 est
1187 2411 1319 2496 regibus

265 2515 458 2602 Anglorum,
482 2520 522 2579 ut
544 2535 619 2580 eum
642 2514 678 2576 in
712 2511 938 2597 episeopatum
972 2532 1069 2576 suum
1092 2511 1237 2578 saeerent
1268 2533 1317 2576 ro-

265 2619 340 2706 cipi,
355 2640 393 2682 eo
416 2617 505 2704 quod
521 2616 643 2702 injuste
659 2611 784 2678 fuerits
798 2618 978 2678 aecusatus.
1025 2612 1189 2677 Reversus
1204 2613 1317 2699 itaque
1332 2619 1485 2669 lsreuoreu.

265 2720 473 2786 Britanniam
496 2719 559 2783 sub
582 2717 706 2782 Osredo
729 2736 804 2802 rege
827 2713 895 2778 filio
919 2713 1052 2790 Alfridi,
1069 2713 1137 2777 xiii.
1165 2715 1317 2781 seeundae

265 2817 489 2910 expulsionis³
519 2841 616 2898 ann0,
639 2815 988 2904 Haugustaldensem⁴
1011 2815 1236 2902 episcopatum
1267 2839 1316 2881 re·

264 2925 360 3011 oepit,
394 2923 504 3010 sieque
546 2927 688 3007 quatuor
722 2919 828 2995 annis,
862 2916 989 2994 idest,
1013 2938 1117 3002 usque
1151 2917 1194 2982 ad
1228 2918 1315 2984 diem

265 3025 375 3092 obitus
398 3025 458 3104 sui,
481 3024 589 3088 vitam‘
611 3021 710 3086 duxit
732 3019 768 3084 in
791 3040 881 3106 paee.

310 3128 391 3192 Fuit
412 3132 524 3193 autem
559 3124 682 3188 Beatus
709 3120 883 3184 Wilfridus
914 3119 1117 3206 temporibus
1142 3120 1245 3186 Oswii
1280 3127 1314 3186 et
1328 3129 1453 3182 Wilffie’s

264 3229 402 3318 rigfridi,
425 3225 570 3304 sifridi?
600 3231 634 3290 et
657 3221 799 3299 Osredi,⁶
830 3223 924 3309 eujus
955 3243 1044 3288 anno
1076 3227 1194 3308 quarto
1226 3221 1312 3287 diem
1327 3198 1457 3328 mim

263 3331 382 3397 elausit
403 3335 597 3406 extremum,
613 3327 747 3391 functus
769 3323 960 3410 episcopatu
982 3345 1041 3410 per
1064 3323 1185 3388 multas
1208 3323 1313 3388 tribu·

262 3435 402 3500 lationes
435 3431 502 3496 xlv.
545 3428 650 3506 annis,
683 3427 741 3513 qui
772 3427 819 3491 sie
851 3425 1060 3512 ooliigrmtur.
1117 3425 1244 3490 Mansit
1277 3426 1314 3490 in

262 3537 452 3624 episeopatu
488 3533 526 3596 in
563 3552 642 3618 pace
680 3533 757 3594 ante
796 3527 937 3612 primam
974 3525 1201 3612 expulsionem
1241 3528 1311 3592 xiii.

261 3638 365 3716 annia,
389 3635 503 3722 pulsus
526 3633 569 3698 ab
592 3631 782 3719 episoopetu
804 3628 962 3694 decennio
982 3627 1140 3706 exulavit,
1163 3651 1312 3694 reversus

261 3739 302 3804 de
325 3737 425 3802 exilio
451 3759 482 3800 u.
516 3733 613 3800 annis
644 3731 681 3796 in
714 3729 904 3816 episcopatu
937 3727 1011 3806 fuit,
1043 3729 1165 3794 iterum
1196 3730 1311 3816 pulsus

261 3841 330 3904 xiii.
361 3838 459 3904 annis
489 3838 526 3902 in
560 3833 661 3900 axilio
694 3831 779 3911 suin
810 3829 954 3896 seeundo
985 3851 1135 3896 reversus
1169 3837 1312 3916 quatuor

259 3941 355 4006 annis
378 3941 414 4004 in
436 3961 515 4026 paee
539 3937 764 4024 episcopatum
786 3933 881 3998 rexit

304 4043 487 4108 Defunctus
508 4045 559 4104 est
580 4043 692 4104 autem
715 4036 751 4099 in
782 4031 1000 4099 monasterio⁷
1022 4035 1111 4120 apud
1132 4033 1312 4113 Undalum‚
1325 4051 1373 4102 His
1385 4054 1461 4104 death

260 4146 348 4232 quod
371 4151 422 4210 est
447 4145 549 4229 juxta
572 4137 753 4216 Stanford,⁸
776 4142 811 4202 et
842 4137 919 4201 inde
951 4137 1133 4202 ministerio
1167 4137 1309 4203 fratrum
1324 4119 1475 4172 andbuiu.

296 4357 545 4426 laretiapiseopm]
596 4353 764 4420 arehiepisco-
843 4337 1131 4430 ⁴fffaufflifflm]
1152 4339 1308 4404 Hfflifflffl·

260 4445 355 4504 μω,
367 4439 398 4488 Βι
410 4438 444 4490 Ο,
808 4419 894 4468 densis
906 4418 1030 4478 seuleus,
1042 4415 1075 4468 G.

294 4544 305 4578 2
313 4545 413 4610 sumi]
432 4543 525 4605 suerat,
538 4541 567 4592 a.
579 4541 611 4592 e.
840 4499 851 4607 f
869 4495 985 4642 §iffi
997 4497 1140 4639 333·st

294 4649 434 4700 'mado
452 4645 618 4714 expulsionis]
648 4646 761 4697 mundo
840 4655 1027 4720 ⁷urouosterio]
1048 4657 1152 4706 sueino.
1166 4655 1198 4708 G.

259 4745 312 4780 sua
329 4727 457 4794 pulsionis,
475 4729 507 4777 B.
528 4727 558 4778 C.
578 4725 628 4788 G.;
650 4725 761 4776 seeundo
838 4735 1007 4801 ssimsm]
1055 4735 1199 4796 saunford,
1249 4737 1284 4788 1),

259 4803 520 4875 suspmuuonur.
805 4815 1118 4880 §autumnum
