3582 5798
412 855 477 922 120
547 873 696 920 nrsronr
720 873 762 919 or
787 871 879 919 roua
904 870 1148 922 rrruusrsnors
1173 873 1216 920 or
1243 871 1338 921 rosi<

411 1056 553 1124 ecclesiae
577 1057 774 1144 dignitatem
798 1057 951 1122 imminui
985 1061 1155 1143 peteretur
1167 1081 1177 1138 ;
1207 1057 1328 1143 quibus
1343 1077 1403 1122 rex
1424 1055 1468 1121 ad

411 1161 596 1244 proximam
619 1159 836 1226 Pentecosten
859 1165 1050 1246 exspectare
1077 1159 1242 1246 preecepit.

243 1278 269 1328 A
281 1285 353 1344 grear
457 1262 500 1326 in
536 1262 729 1328 Pentecoste
767 1263 809 1330 ed
842 1263 968 1354 curiam
1006 1262 1195 1348 congregati
1233 1266 1313 1327 sunt
1344 1259 1467 1326 electus

244 1345 393 1462 ’ᾣθξξζξξῃῗι
413 1369 531 1442 noster,
555 1365 707 1450 episcopi,
730 1371 765 1430 et
794 1365 939 1442 abbates,
962 1364 1127 1451 principes
1159 1369 1193 1429 et
1225 1384 1383 1450 proceres,
1405 1361 1468 1428 cle-

244 1477 333 1556 tidem
347 1477 388 1529 the
412 1463 472 1534 rici
495 1471 529 1530 et
551 1465 711 1544 monachi,
736 1471 770 1531 et
785 1467 883 1530 multi
898 1465 964 1532 elii.
1013 1465 1199 1533 Cardinelie
1222 1487 1353 1551 quoque
1375 1485 1466 1529 men-

244 1545 352 1662 {ffi‘h
413 1569 491 1634 dete
514 1568 600 1654 regis
623 1568 670 1634 ibi
693 1583 831 1634 veneret
845 1570 953 1655 prima
968 1569 1021 1634 die
1042 1573 1077 1634 et
1093 1569 1236 1636 secunde
1250 1569 1467 1634 Pentecostes.

414 1671 486 1736 Rex
524 1671 626 1737 eleeto
664 1678 775 1737 nostro
813 1676 848 1737 et
884 1671 1088 1756 quibuslibet
1121 1671 1162 1736 de
1199 1671 1320 1736 nostris
1358 1670 1468 1754 loque-

245 1789 299 1838 The
313 1789 376 1840 can·
413 1772 519 1848 betur,
542 1755 626 1838 bene
649 1773 871 1858 promittebat
917 1773 1046 1839 Deinde
1069 1774 1272 1840 conveniunt
1294 1773 1337 1839 ed
1359 1793 1468 1857 regem

244 1857 348 1921 terbury
414 1877 556 1961 episcopi
587 1883 622 1950 et
652 1876 798 1954 abbates
829 1883 864 1942 et
894 1876 1046 1944 monachi
1072 1875 1336 1954 Oentuerienses,
1363 1874 1468 1940 multe

243 1937 302 1971 men
315 1937 385 1986 prese

244 1989 362 2104 {pesilppg
414 1979 595 2056 offerentes,
628 1979 724 2064 plura
755 2001 855 2066 quem
887 1979 982 2046 facile
1016 1979 1091 2065 quie
1123 1979 1253 2046 credere
1270 1971 1364 2044 ¹velit
1391 1997 1465 2064 prc-

245 2121 394 2174 withthem.
414 2079 594 2156 mittentes,
620 2081 938 2167 archiepiscopatum
954 2101 1093 2166 quoque,
1116 2081 1276 2166 quamdiu
1299 2079 1408 2157 vellet,
1432 2080 1467 2144 in

413 2182 546 2267 proprie
568 2203 669 2246 manu
692 2187 804 2248 tenere
831 2183 902 2248 sine
934 2183 1068 2268 querele
1099 2204 1213 2248 eorum
1244 2182 1467 2258 concedentes,

412 2291 451 2351 ut
483 2285 756 2352 Centueriensein
788 2287 957 2353 ecclesiam
992 2293 1080 2352 stere
1103 2286 1226 2354 feceret
1256 2287 1343 2353 sicut
1374 2291 1468 2372 peter

411 2387 482 2474 ejus
505 2387 692 2472 reliqueret.

245 2496 398 2566 maringe
457 2489 633 2554 Coertetus
665 2511 724 2554 rex
747 2489 977 2576 aliquantum:
1013 2497 1030 2524 “
1047 2488 1193 2567 Nescic,”
1216 2489 1336 2574 inquit,
1359 2497 1464 2575 “quo-

243 2565 324 2630 ‘el'l”
412 2599 429 2626 “
452 2591 548 2656 modo
571 2591 606 2656 id
629 2591 733 2658 fecere
757 2593 889 2678 possim,
913 2613 987 2657 cum
1021 2591 1124 2658 electe
1155 2590 1400 2677 archiepiscopo
1433 2597 1468 2656 et

413 2701 429 2727 “
453 2693 606 2758 omnibus
629 2693 891 2760 Eborecensibus
913 2693 997 2758 bene
1020 2713 1149 2780 semper
1170 2694 1377 2780 promiserim
1399 2715 1466 2758 non

412 2805 428 2830 ‘·'
452 2819 506 2862 eos
522 2817 643 2882 cogere,
659 2816 755 2862 nece
773 2795 908 2882 justitia
924 2796 1097 2874 declinare,
1119 2796 1178 2862 sed
1192 2796 1310 2862 seltem
1333 2796 1466 2882 utrique

411 2908 427 2933 “
450 2898 593 2965 ecclesiee
616 2920 659 2964 ex
680 2920 775 2984 seque
798 2920 851 2964 me
878 2897 1011 2966 habere.
1058 2900 1125 2964 Vos
1141 2903 1254 2964 eutem
1271 2897 1363 2964 scitis
1378 2897 1466 2984 quod

412 3009 428 3036 “
451 3001 603 3066 dominus
636 3021 722 3086 pepe
755 3005 892 3087 propter
924 3001 1024 3087 hujus
1058 3021 1165 3068 causes
1188 3000 1392 3078 decisionem,
1415 3023 1467 3066 me

411 3111 427 3136 ‘¹
451 3103 640 3180 mandente,
662 3102 811 3188 legatum
834 3101 952 3167 suum¹
977 3103 1147 3190 legaverit.
1195 3101 1261 3184 Qui
1283 3101 1312 3166 si
1334 3121 1466 3168 causam

411 3213 428 3239 “
451 3204 537 3270 hanc
558 3225 767 3290 suppressam
800 3205 932 3282 viderit,
964 3204 1107 3271 forsitan
1132 3203 1244 3270 mein
1278 3205 1374 3270 corde
1407 3191 1478 3270 suo

410 3315 428 3340 “
452 3307 492 3371 de
515 3306 629 3372 fraude
652 3307 707 3371 vel
729 3307 867 3373 levitate
891 3307 1076 3394 redarguet,
1099 3313 1134 3372 et
1165 3329 1200 3372 se
1232 3306 1385 3372 delusum
1417 3329 1467 3373 re·

411 3417 427 3444 ‘¹
451 3407 611 3494 putabit''
650 3417 667 3442 “
683 3409 799 3488 Bene,'’
816 3409 985 3496 inquiunt,
1007 3419 1024 3445 “
1040 3409 1182 3488 domine,
1198 3409 1337 3497 potestis
1352 3409 1468 3488 iecere,

410 3519 427 3546 ‘¹
450 3533 511 3578 nee
548 3511 612 3576 erit
649 3511 862 3578 inhonestum
901 3517 968 3579 nec¹
1012 3511 1155 3591 difficile,
1188 3514 1346 3600 quoniam
1378 3513 1467 3599 quod

411 3621 428 3648 “
451 3618 545 3697 peter
568 3616 686 3690 vester,
709 3635 769 3678 rex
791 3613 898 3679 bonus
921 3618 956 3680 et
977 3615 1119 3700 sepiens,
1135 3615 1172 3680 in
1194 3637 1295 3702 regno
1318 3635 1378 3681 suo
1400 3621 1466 3682 sta-

412 3722 427 3747 “
451 3713 571 3790 bilivit
604 3719 637 3778 ct
669 3720 761 3780 certa
792 3721 826 3780 et
853 3715 962 3803 sigillo
996 3738 1056 3782 suo
1088 3716 1247 3797 firmavit,
1280 3716 1400 3783 stabile
1432 3723 1467 3783 et

411 3824 427 3851 “
450 3816 582 3880 firmum
605 3839 736 3883 servare
759 3817 896 3898 debetis,
919 3841 980 3886 nec
1003 3819 1276 3887 Oentuariensem
1298 3821 1466 3888 ecelesiam

410 3929 426 3954 “
451 3920 487 3984 in
503 3920 776 4006 discrepationem
791 3921 930 4000 trahere,
943 3923 1033 3989 unde
1048 3923 1111 3990 sub
1124 3921 1266 4010 regibus,
1283 3928 1378 4010 patre
1393 3945 1466 3990 vcs-

410 4031 428 4058 “
452 4027 554 4088 treet
575 4023 690 4102 fratre,
713 4025 874 4093 investita
896 4026 969 4092 fuit.
1009 4026 1055 4092 Et
1076 4031 1168 4094 certe
1189 4027 1324 4113 quidem
1346 4031 1467 4114 praesto

411 4133 427 4159 “
451 4132 509 4190 est.
558 4125 698 4206 Quando
721 4129 816 4193 vobis
838 4128 992 4214 placebit,
1025 4130 1062 4194 in
1094 4129 1242 4196 medium
1274 4129 1466 4216 proferetur.

410 4233 427 4262 ‘¹
451 4228 576 4314 Legete
600 4230 715 4295 dicetis
738 4253 808 4296 rem
833 4231 1029 4318 diligentius
1060 4237 1300 4318 perscrutatam
1333 4238 1369 4299 et
1399 4255 1466 4299 me·

411 4335 428 4363 ‘⁴
450 4329 516 4392 lius
539 4331 705 4397 conditam
739 4333 837 4400 aliter
869 4357 938 4400 esse
970 4356 1070 4422 quam
1103 4337 1319 4423 puta‘veretis,
1350 4357 1467 4430 neque,

412 4438 428 4464 “
452 4435 491 4496 ut
513 4453 688 4516 speremus,
720 4435 887 4503 voluntati
929 4443 1048 4504 vestre
1082 4439 1245 4506 contraire
1285 4439 1464 4508 conabitur.

443 4703 450 4734 ¹
470 4705 553 4770 sirum]
574 4705 650 4755 Alter
666 4705 717 4756 this
740 4707 767 4757 in
791 4709 834 4760 the
853 4711 911 4761 MS.
957 4727 1000 4762 cre
1013 4711 1184 4778 inexpliceble
1197 4715 1299 4777 end,nc
1307 4713 1397 4775 doubt,
1410 4729 1466 4765 cor-

410 4799 480 4834 come
492 4785 534 4834 the
546 4787 628 4834 words
641 4785 725 4836 datam
739 4787 817 4853 leupo,
826 4790 910 4839 which
945 4782 1022 4854 'rupt
