3410 5840
80 2559 105 2606 ii.
119 2563 142 2610 9.

742 1667 808 1734 ἸΙΙ.

301 1821 310 1833 ’
368 1850 623 1930 ennomus.
657 1851 725 1928 nn
762 1849 1177 1931 incurerrsoorrs

507 1973 511 1986 ·
567 1957 981 2054 nnomonrsrssus,

578 2135 747 2202 Aucronn
770 2135 961 2202 Anorrno.

628 2319 875 2340 ΑΛΛΛΛΛΛΛΛΛΗΛᾸΝ

81 2491 158 2553 Beda,
169 2493 237 2544 RE·
294 2495 355 2564 Quo
385 2499 514 2568 temporo
544 2513 615 2568 gons
637 2479 986 2574 Northenhffmbrorum]
1017 2507 1091 2552 eum
1126 2507 1185 2552 suo
1224 2509 1298 2574 rege
1311 2495 1465 2550 Fuwinsnd

247 2573 410 2654 AEdwinO,
433 2592 550 2658 acceptu
573 2587 604 2640 in
628 2585 781 2656 conjugem
797 2585 1000 2656 AEthelburgu,
1018 2585 1078 2639 filia
1094 2585 1297 2651 AEthelbercti,
1311 2563 1401 2694 533*

246 2687 324 2756 rogis
347 2678 485 2756 Cuntiae,
509 2679 710 2765 praedicante
734 2677 874 2743 Paulino
908 2676 1008 2742 fidem
1042 2677 1167 2744 Christi
1191 2699 1295 2744 susce·

247 2768 343 2854 perit,
389 2777 477 2848 hujus
508 2779 684 2834 consortium
723 2795 788 2832 cum
828 2777 922 2848 primo
956 2777 1018 2847 ipse
1057 2778 1154 2832 missis
1204 2779 1299 2850 procis

247 2883 265 2920 u
294 2867 384 2924 fratre
421 2865 484 2937 ejus
515 2867 699 2933 Ethelbuldo,
732 2867 779 2937 qui
819 2871 889 2920 tunc
927 2883 1017 2935 regno
1058 2857 1187 2922 Cuntiae
1225 2885 1298 2938 prm·

248 2962 320 3021 erut,
353 2961 474 3028 peteret,
499 2947 586 3012 dixit
620 2975 678 3011 uon
711 2973 771 3011 esse
806 2955 919 3010 licitum
953 2955 1150 3011 Christianum
1185 2973 1300 3028 psguno

248 3045 321 3111 duri,
345 3063 382 3102 ne
412 3045 483 3101 fides
513 3045 576 3116 ejus
603 3045 747 3102 consortio
777 3035 1007 3121 profanaretur
1038 3045 1125 3116 regis,
1157 3048 1208 3118 qui
1238 3047 1300 3100 veri

249 3134 303 3189 Dei
327 3136 422 3190 cultus
445 3153 561 3207 prorsus
584 3140 659 3190 esset
688 3135 816 3205 ignarus.
864 3133 934 3202 Qum
970 3152 1036 3189 cum
1064 3133 1187 3190 Edwino
1210 3133 1300 3190 verbu

247 3225 344 3282 nnutii
367 3225 520 3290 referrent,
545 3225 679 3297 promisit
702 3241 732 3280 se
755 3223 964 3295 permissurum
994 3215 1118 3301 virgini
1149 3220 1192 3288 et¹
1207 3225 1298 3279 omni·

239 3311 301 3367 ·bus
333 3313 382 3385 qui
414 3331 511 3369 secum
543 3303 706 3378 venirent,
734 3313 845 3368 cultum
884 3330 944 3368 suae
976 3313 1127 3384 religionis
1159 3325 1299 3370 servare.

247 3392 319 3459 Nee
349 3405 469 3474 negavit
491 3403 579 3458 etiam
603 3422 632 3458 se
656 3404 818 3457 subiturum
841 3401 962 3458 eandem
985 3403 1167 3474 religionem,
1192 3406 1216 3458 si
1239 3417 1300 3460 suu

247 3493 372 3547 sanctior
395 3505 416 3548 e
437 3484 643 3569 sapientibus
662 3483 869 3567 judicaretur
883 3483 1049 3569 religione.
1096 3495 1200 3564 Itaque
1216 3495 1299 3565 virgo

246 3583 427 3654 promittitur
449 3577 483 3638 et
505 3584 641 3638 mittitur.

295 3670 380 3726 Anne
419 3672 510 3742 igitur
539 3671 575 3726 ub
613 3671 813 3726 incarnatione
847 3670 964 3744 Domini
1004 3687 1114 3728 ncnxv.
1147 3673 1297 3740 Paulinus,
1311 3675 1458 3727 Missionot

248 3758 294 3814 vir
317 3760 377 3815 Deo
401 3761 534 3826 dilectus,
559 3779 576 3814 n
600 3761 683 3815 Justo
714 3759 930 3830 archiepiscopo
963 3759 1114 3815 ordinetur
1136 3763 1297 3834 episcopus,
1312 3743 1442 3858 gaudium·

247 3867 313 3904 euru
337 3861 376 3906 eu
398 3850 435 3904 ed
457 3867 556 3920 regern
579 3849 744 3914 Edwinum,
769 3847 850 3928 quasi
881 3865 976 3904 comes
999 3851 1110 3920 copulre
1134 3850 1297 3920 curn[sl]is‚
1312 3846 1360 3926 &c
1377 3815 1450 3870 .625,

249 3939 308 4006 (sed
340 3939 435 4010 potius
462 3945 579 4008 gentem
612 3957 699 4011 quam
733 3929 848 3994 adibat
881 3937 918 3992 ud
952 3940 1132 4010 agnitionem
1166 3942 1299 3998 veritatis

246 4021 376 4102 vocure)
400 4019 545 4084 advenit.

291 4117 378 4173 Anno
413 4119 545 4188 sequenti
577 4117 661 4172 venit
692 4117 810 4190 quidum
842 4135 860 4171 u
892 4117 1072 4186 Quichehuo,
1106 4137 1173 4190 rcge
1204 4111 1299 4176 West

247 4207 404 4274 Saxonum,
421 4198 478 4283 qui
501 4224 599 4278 regem
623 4206 775 4262 Edrrinnm
798 4223 890 4277 regno
913 4213 943 4262 et
966 4208 1026 4262 rito
1048 4199 1203 4284 privaret.
1250 4211 1299 4265 In-

247 4297 337 4352 travit
359 4288 463 4374 igitur
485 4285 541 4352 ille
564 4295 645 4368 qnasi
669 4297 804 4350 nuntium
821 4295 931 4350 domini
955 4298 1000 4350 sui
1023 4293 1146 4352 secrete
1169 4311 1300 4354 annuu-

246 4378 344 4456 tiunS,
367 4391 397 4442 et
418 4386 572 4456 evaginate
595 4385 647 4440 sub
670 4391 748 4440 veste
771 4385 831 4440 sicu
852 4375 989 4463 bicipiti,
1012 4387 1153 4457 impetum
1177 4389 1245 4444 iecit
1269 4389 1297 4443 in

246 4495 354 4549 regem.
400 4475 482 4546 Quod
504 4493 571 4529 cum
594 4473 680 4540 Lille,
704 4475 837 4530 minister
859 4477 946 4546 regis,
971 4466 1102 4546 viderit,
1126 4478 1300 4550 interposuit
1328 4519 1331 4528 .

246 4585 349 4640 corpus
371 4583 454 4620 suum
470 4569 537 4620 unte
553 4565 643 4620 ictum
665 4565 832 4636 pungentis,
849 4563 898 4618 sed
921 4571 1003 4620 tantu
1025 4567 1056 4620 vi
1078 4565 1169 4622 hostis
1192 4567 1300 4623 ferrum

246 4656 352 4722 infixit,
376 4659 410 4709 ut
432 4671 484 4726 per
506 4671 608 4726 corpus
631 4653 717 4710 occisi
740 4653 828 4708 etium
851 4671 949 4724 regem
964 4655 1138 4712 vulneraret.
1186 4657 1301 4712 liudem

246 4749 330 4802 nocte
362 4744 476 4818 peperit
506 4745 609 4814 regine
642 4743 744 4808 filiam,
768 4743 814 4799 cui
846 4761 953 4798 nomen
986 4743 1117 4810 Eonfled,
1150 4763 1202 4818 pro
1235 4759 1301 4822 qua

248 4835 387 4892 Paulinus
423 4824 493 4891 Deo
526 4833 635 4905 grutius
667 4823 744 4910 egit.
791 4830 881 4903 Cujus
913 4832 1009 4890 verbis
1047 4833 1205 4894 delectatus
1238 4853 1299 4904 rex,

337 4937 429 4993 0575.
1099 4955 1124 5004 Κ
1141 4955 1165 5004 Κ
