3586 5802
607 850 652 898 nr
675 849 776 898 nucu
800 850 870 898 run
893 849 1064 900 cucuron.
1306 833 1371 897 223

316 1036 547 1122 episcopusin
572 1036 683 1102 sedem
717 1056 811 1102 suam
841 1034 1058 1123 episcopalem
1080 1033 1299 1102 intronizatus
1321 1038 1373 1100 est

316 1159 374 1224 per
396 1157 532 1203 manum
555 1135 715 1203 Willelmi
749 1136 995 1224 archiepiscopi,
1018 1140 1053 1203 et
1075 1135 1126 1204 W.
1150 1135 1273 1203 (lumin
1295 1157 1372 1204 cum

316 1240 533 1306 multitudine
556 1261 618 1306 sua
639 1238 811 1307 absolutus
834 1244 893 1306 est.

360 1344 460 1408 Anno
494 1341 669 1408 millesimo
700 1361 726 1408 c.
758 1340 840 1420 xlv0,
872 1341 1050 1408 Hismarus
1082 1339 1372 1428 episcopus-cardi-

287 1491 289 1494 -
317 1444 411 1522 nalis,
435 1444 579 1511 directus
610 1443 654 1510 ab
686 1443 877 1529 Apostolico
909 1441 1011 1510 Lucio
1048 1441 1177 1529 legatus
1210 1442 1306 1508 venit
1336 1443 1373 1506 in

317 1547 482 1634 Angliam‚
505 1545 631 1612 habens
653 1545 791 1632 pellium
820 1544 872 1611 W.
895 1543 1137 1632 archiepiscopo
1160 1543 1371 1611 destinatum.

318 1649 445 1716 Moram
479 1635 561 1716 fecit
594 1668 653 1736 per
683 1647 919 1736 negligentiam
942 1648 1030 1714 idem
1054 1647 1238 1714 Willelmus
1261 1667 1371 1715 occur·

317 1773 387 1816 rere
425 1751 464 1829 ei,
503 1751 589 1818 circa
625 1749 693 1818 alia
733 1750 844 1816 minus
889 1750 1070 1818 necessaria
1107 1753 1294 1836 occupatus,
1331 1753 1371 1814 ut

317 1851 588 1918 consuetudinem
625 1851 752 1918 habuit.
800 1851 924 1918 Fuerat
960 1852 1049 1917 enim
1087 1850 1176 1916 filius
1213 1851 1370 1918 Herberti
1384 1856 1521 1910 william’s

319 1955 559 2022 wintonensis
589 1949 761 2022 amaran
798 1960 834 2020 ee
870 1953 1068 2022 thaeman
1106 1954 1244 2021 uenas
1275 1954 1369 2041 regis.
1384 1925 1522 1976 ⁰¹²¹¹⁰¹¹¹

319 2055 494 2122 Enutritus
525 2061 576 2122 est
607 2077 735 2143 semper
766 2056 803 2120 in
835 2055 961 2122 deliciis
992 2061 1027 2122 ct
1058 2055 1195 2134 divitiis,
1227 2059 1262 2121 ct
1298 2076 1372 2122 raro

318 2157 423 2224 labori
460 2162 620 2237 assaretus
658 2157 866 2244 benignitate
896 2162 1009 2224 tamen
1047 2156 1151 2224 animi
1188 2157 1373 2225 innocentis

319 2265 354 2326 et
375 2261 576 2328 liberalitate
598 2259 697 2326 valde
719 2281 823 2327 carus.
1025 2332 1030 2340 ,

364 2363 459 2430 Obiit
495 2363 630 2429 interim
669 2363 791 2430 Lucius
829 2382 924 2449 papa,
947 2324 1373 2484 &aq-saagffleam

319 2464 429 2530 sedem
453 2464 631 2552 Eugenius,
649 2464 752 2532 abbas
775 2463 1015 2530 observationis
1031 2464 1266 2543 Cisterciensia
1281 2467 1373 2552 prius

319 2572 457 2634 vocatus
489 2566 687 2632 Bernardus.
741 2565 928 2632 Defunctus
963 2570 1014 2630 est
1052 2566 1153 2632 etiam
1187 2565 1373 2632 Willelmus

319 2670 445 2755 primus
479 2669 581 2735 abbas
618 2667 759 2734 Rievall.
817 2666 957 2734 Praefuit
994 2667 1025 2733 ei
1063 2667 1249 2734 Mauritius.
1300 2669 1374 2749 Quo

319 2775 396 2857 post
428 2772 594 2838 modicum
629 2769 733 2837 officio
764 2769 895 2836 abbatis
927 2770 1150 2848 renuntiante,
1173 2769 1374 2836 substitutus

319 2879 371 2938 est
393 2893 452 2958 pro
474 2893 513 2938 eo
534 2871 731 2938 Ethelredus
754 2871 856 2938 abbas
878 2872 1149 2958 praeeminentem
1171 2873 1315 2960 gratiam
1338 2873 1375 2936 in

320 2994 469 3040 sermone
500 2973 672 3059 sapientiae
695 2972 837 3059 adeptus
859 2993 881 3038 a
907 2971 1058 3039 Domino.
1105 2973 1290 3040 Defunctus
1324 2980 1375 3040 est

320 3084 356 3144 et
387 3077 547 3146 Ricardus
581 3078 743 3144 secundus
777 3078 878 3145 abbas
908 3078 950 3144 de
972 3078 1142 3144 Fontibus.
1189 3079 1375 3146 Transtulit

318 3181 363 3247 ad
393 3181 541 3268 regimen
564 3179 627 3247 loci
659 3179 750 3244 illius
772 3179 961 3246 Bernardus
993 3179 1257 3248 Olaraevallensis
1281 3183 1372 3248 Hen·
1385 3181 1473 3244 Henry

319 3282 425 3349 ricum
463 3281 600 3348 Murdao
636 3281 791 3348 abbatem
828 3281 933 3349 Vallis
971 3280 1086 3362 clas,
1131 3285 1372 3371 praecellentom
1384 3246 1544 3364 affigi

319 3383 512 3470 frugalitate
545 3382 803 3449 conversationis
832 3388 911 3449 ante
933 3385 1166 3452 monachatum
1189 3387 1251 3453 sub
1273 3398 1401 3454 vene-⁰
1383 3381 1510 3500 ⁰f,F⁰¹¹¹¹·

320 3483 418 3551 rabili
450 3483 692 3570 archiepiscopo
715 3481 879 3562 runcino,
903 3485 1004 3552 tam
995 3507 1032 3551 ιιι
1054 3487 1252 3556 Eboracensi
1274 3455 1451 3556 eccle-tame

321 3587 371 3653 sia
393 3605 493 3671 quam
516 3585 552 3650 in
568 3584 819 3670 circumjacente
833 3587 1004 3672 provincia
1024 3609 1067 3654 ex
1090 3589 1176 3656 dono
1199 3597 1374 3678 parentum

321 3685 501 3754 honoribus
535 3691 570 3752 et
601 3685 731 3752 divitiis
764 3686 1010 3773 locupletatum.
1056 3690 1240 3778 Resumpta
1272 3693 1376 3779 igitur

321 3789 522 3859 confidentia
543 3794 771 3856 convenerunt
792 3790 851 3875 qui
873 3790 1040 3857 adversati
1062 3793 1195 3860 fuerant
1209 3793 1375 3860 Willelmo

320 3891 571 3979 archiepiscopo,
587 3894 622 3956 et
643 3911 719 3959 oum
741 3891 789 3956 eis
811 3891 875 3956 iste
899 3891 1074 3972 Henricus,
1089 3894 1268 3982 plurimum
1291 3919 1376 3984 pree·

321 4015 454 4060 sumens
476 3992 540 4058 sibi
573 3992 616 4058 de
649 3992 759 4080 gratia
781 3993 973 4080 Apostolioi.
1022 3995 1151 4078 Quibus
1173 3998 1376 4066 instantibus

322 4096 359 4161 in
380 4094 602 4182 appellatione
624 4093 782 4162 adversus
800 4095 941 4162 eundem
956 4097 1236 4187 archiepiscopum
1253 4101 1374 4170 Ebora-

322 4219 451 4266 oensem
474 4197 651 4265 Hicmarus
682 4203 855 4266 revocatus
879 4197 1019 4266 Romam
1050 4201 1149 4267 rediit
1171 4203 1375 4290 pelliumque

322 4300 514 4387 reportavit.
559 4299 659 4365 Anno
693 4321 771 4366 vero
803 4300 951 4366 M⁰cxlvi⁰
984 4301 1170 4370 Willelmus
1199 4307 1376 4394 arehiepis-

322 4423 423 4489 copus
445 4401 674 4488 Apostolicum
702 4401 891 4490 Eugenium
912 4404 1005 4483 adiit,
1033 4407 1086 4472 sui
1108 4407 1207 4477 officii
1230 4411 1374 4497 plenitu-

321 4505 441 4583 dinem,
464 4503 501 4569 id
535 4509 593 4582 est,
616 4503 762 4590 pallium,
794 4504 1029 4594 postulaturus.
1075 4511 1378 4600 Adstipulabantur

322 4608 353 4673 ei
387 4607 552 4673 instanter
584 4606 741 4694 suffragIa
774 4607 916 4676 Romani
948 4616 1090 4682 senatus.
1136 4613 1277 4704 Scripsit
1299 4639 1378 4684 vero

321 4709 479 4779 adversus
524 4727 600 4774 eum
643 4707 831 4777 Bernardus
875 4709 978 4780 abbas
1015 4711 1286 4798 clarevellensis,
1323 4720 1377 4789 cui
