3606 5798
554 913 599 964 ro
621 913 792 964 camuros
814 912 851 963 11.
874 911 990 964 snour
1013 911 1170 962 russum.
1322 899 1385 962 241

332 1121 391 1167 sua
413 1102 641 1168 consecravit?
688 1101 804 1179 Immo,
827 1101 855 1166 si
889 1121 968 1188 pace
1002 1101 1134 1166 illorum
1169 1101 1234 1168 diei
1268 1105 1483 1188 potentium
1494 1111 1545 1161 ano

330 1203 510 1290 Ripensem
533 1209 568 1270 at
590 1201 900 1290 Hagustaldensem
917 1223 997 1288 quos
1021 1201 1156 1270 eeclesia
1171 1175 1519 1270 Cantuarien-Hexham

1400 1242 1560 1293 wereiound-

331 1305 375 1370 sis
398 1306 557 1382 instituit,
580 1305 717 1372 ecelesia
735 1303 947 1371 Eboreeensis
969 1326 1028 1392 per
1049 1309 1190 1370 terrenae
1213 1305 1388 1391 potestatis
1401 1307 1552 1374 eutyces
1603 1323 1607 1330 '

331 1409 573 1495 surreptionem
595 1408 758 1474 destituit.
796 1408 846 1472 At
868 1429 946 1474 vero
968 1407 1010 1472 de
1027 1405 1222 1496 Glesguensi
1244 1406 1390 1473 breviter
1400 1375 1514 1518 13er-

331 1511 564 1588 intimandum,
586 1510 675 1596 quod
697 1515 748 1576 est
777 1509 989 1596 antiquorum
1012 1509 1188 1575 Britouum
1211 1465 1533 1598 epiecopusfflffil’

332 1634 414 1701 quos
436 1613 553 1680 beatus
575 1617 670 1698 pater
692 1611 869 1700 Gregorius
900 1611 1094 1699 singillatim
1128 1612 1280 1700 episeopo
1303 1597 1539 1726 Cm'ddffiie

333 1715 491 1782 tuuriensi
515 1713 680 1801 subjectos
711 1713 781 1780 fore
815 1713 971 1779 decrevit.
1034 1712 1138 1800 Cujus
1160 1714 1316 1780 videlieet
1338 1731 1537 1784 ec-unuerthe

334 1819 441 1884 clesiae
466 1815 757 1904 episcopus,=sicut
790 1837 811 1882 a
842 1815 1022 1901 majoribus
1052 1821 1136 1882 natu
1168 1815 1300 1883 illorum
1322 1813 1479 1884 tra-⁸⁸¹⁰*

334 1921 434 1998 ditur,
457 1941 562 2006 usque
599 1918 642 1985 ad
676 1917 748 1985 haec
779 1917 1047 1984 Normennorum
1079 1925 1238 2006 tempora,
1259 1921 1314 1986 vel
1347 1921 1391 1988 ab

334 2024 487 2110 episcopo
518 2021 717 2098 Scottorum,
742 2020 796 2086 vel
831 2019 1048 2086 Gualensium
1080 2021 1257 2088 Britouum
1279 2044 1390 2090 eonse-

335 2125 419 2192 erari
450 2124 585 2190 solebat.
632 2121 800 2190 Oaeterum
835 2121 877 2187 de
911 2121 1183 2202 Lindisfarnensi,
1217 2146 1239 2190 a
1270 2125 1564 2211 quibusmultum

337 2225 469 2292 institui
492 2225 545 2292 vel
568 2225 749 2291 consecrari
773 2223 909 2302 solebat,
924 2225 997 2291 luce
1019 2225 1139 2292 darius
1161 2247 1262 2313 snpra
1283 2198 1536 2329 osten-ffiffi,

338 2351 412 2394 sum
435 2333 492 2394 est.
539 2325 605 2393 Sed
637 2325 678 2392 de
710 2326 876 2392 institutis
910 2327 1133 2412 antiquorum,
1156 2329 1238 2414 quid
1260 2330 1394 2396 interim
1405 2328 1485 2380 Yoru

340 2429 599 2496 Eboracensibus
622 2447 683 2494 sua
697 2427 837 2493 interest
851 2427 1051 2514 provideret
1088 2428 1258 2496 Invadnnt
1280 2433 1395 2514 securi,

171 2555 304 2608 s.Joann.
342 2537 376 2598 et
407 2530 540 2598 dicant:
562 2529 643 2596 Alii
676 2527 927 2606 laboraverunt,
959 2551 1019 2595 nos
1042 2537 1158 2598 comm
1189 2533 1232 2599 icc
1270 2533 1396 2600 laborer

170 2623 204 2672 iv.
217 2626 258 2672 ³⁸·
342 2655 460 2702 comm
488 2633 698 2698 introeamus
745 2631 928 2717 lapidatus
950 2641 1001 2698 est
1033 2631 1178 2712 Naboth,
1213 2633 1305 2702 nullo
1337 2637 1399 2700 im-

174 2710 330 2830 }ffl'ffi'
343 2736 506 2824 pediente,
527 2734 634 2802 securi
668 2733 894 2820 possideamus
927 2733 1061 2800 vineam
1095 2735 1174 2820 ejus.
1235 2737 1317 2804 Esto
1348 2744 1399 2804 ta-

343 2839 436 2904 nien:
459 2837 582 2904 hebeat
613 2835 696 2901 duos
720 2835 936 2902 Eboracensis
968 2835 1190 2922 suffraganeos
1221 2839 1399 2930 episcopos,

342 2939 463 3026 quibus
485 2937 539 3004 vel
570 2957 683 3004 eorum
715 2935 819 3002 altero
851 2935 1025 3014 defunctis,
1059 2937 1202 3022 qualiter
1233 2939 1315 3004 ulios
1347 2961 1398 3006 ca-

342 3043 458 3109 nonice
481 3041 570 3107 solus
601 3039 767 3117 restituat,
790 3039 1001 3125 perspicuum
1033 3059 1101 3106 non
1123 3029 1194 3120 estj
1224 3041 1291 3106 nisi
1313 3041 1400 3108 forte

344 3167 418 3214 cum
450 3143 595 3210 voluerit
628 3141 680 3208 uti
711 3141 856 3218 libuerit,
879 3140 934 3206 vel
967 3139 1249 3228 archiepiscopum
1273 3141 1401 3209 Centu-

344 3247 513 3324 ariensem,
536 3245 592 3311 vel
613 3243 686 3330 ejus
709 3241 926 3330 provinciales
949 3243 1099 3310 accersiri
1118 3244 1257 3329 jubeat3
1280 3247 1401 3332 quibus

345 3349 434 3415 dicto
456 3348 554 3413 citius
583 3343 853 3420 adventantibus,
884 3365 959 3409 suos
991 3343 1203 3411 Eboraoensis
1236 3347 1401 3414 instituat

345 3448 511 3526 Decemit,
559 3446 725 3532 inquiunt,
765 3444 889 3510 Beatus
927 3443 1117 3533 Gregorius,
1155 3453 1195 3512 ut
1232 3447 1403 3536 episcopus

346 3550 560 3618 Eboraeensis
595 3547 767 3614 duodecim
800 3547 968 3634 episcopos
1000 3548 1152 3614 ordinare
1184 3549 1312 3628 debeat,
1344 3551 1402 3637 qui

346 3674 415 3718 suae
448 3650 657 3738 postmodum
693 3648 886 3734 subjaceant
917 3648 1045 3726 ditioni.
1091 3649 1234 3729 Habeat,
1257 3651 1403 3737 inquam,

346 3755 501 3820 dominus
535 3750 751 3818 Eboracensis
780 3750 834 3816 vel
869 3750 1050 3828 duodecim,
1073 3751 1127 3816 vel
1160 3752 1328 3830 tredecim,
1350 3751 1404 3818 vel

347 3863 429 3942 quot
450 3855 521 3942 ipse
543 3852 669 3919 creavit
684 3853 860 3937 episcopos,
875 3857 910 3916 et
931 3852 1143 3919 consecravit.
1183 3852 1262 3918 Illos
1284 3853 1403 3920 saltem

349 3955 581 4023 Cantueriensi
616 3954 758 4040 benigne
793 3952 944 4018 dimittat
977 3975 1058 4039 quos
1081 3943 1330 4020 Oantdariensis
1352 3956 1402 4020 in-

349 4059 471 4136 stituit,
493 4063 528 4124 et
549 4055 609 4121 diu
632 4056 703 4122 sine
727 4053 966 4121 calumniarum
989 4055 1187 4121 retractione
1209 4055 1364 4122 obtinuit.

396 4159 484 4240 Quid
529 4157 627 4235 enim,
672 4156 840 4242 inquiunt,
881 4155 1037 4221 restituto
1081 4155 1192 4242 pollio,
1237 4159 1555 4224 neminemmerou

350 4261 613 4348 archiepiscopus
651 4257 865 4324 Eboraoensis
903 4257 1147 4345 suffraganeum
1185 4257 1329 4327 habuit?
1367 4261 1404 4326 Si
1415 4237 1567 4369 {ffiffl

350 4364 478 4440 habuit,
499 4364 644 4448 inquam,
667 4359 852 4436 ostendant,
875 4357 928 4424 vel
961 4380 1021 4446 per
1050 4360 1203 4427 veritatis
1224 4360 1565 4444 maurianensem

351 4467 413 4534 vel,
444 4487 502 4552 per
544 4462 809 4530 testimoniorum
854 4462 1053 4540 memoriam,
1098 4485 1202 4550 usque
1245 4465 1289 4532 ed
1333 4435 1566 4568 haeeppp'ruffrn-

353 4568 621 4634 Normannorum
644 4569 793 4650 tempora
814 4561 954 4648 alicujus
984 4565 1128 4651 episcopi
1150 4587 1244 4633 suam
1267 4567 1405 4635 investi-

353 4678 471 4737 turam.
517 4669 671 4754 Denique
702 4666 872 4744 Alcuinus,
904 4667 963 4751 qui
1000 4672 1035 4732 et
1072 4668 1222 4748 Albinus,
1256 4669 1406 4739 famosis-

354 4773 457 4838 simus
494 4776 530 4836 et
572 4770 731 4856 antiquus
769 4767 879 4834 Caroli
918 4767 1124 4856 imperatoris
1162 4773 1328 4860 magister,
1365 4775 1408 4842 ad

443 4885 467 4937 0
480 4888 538 4938 57⁵.
1252 4903 1275 4964 ρ
