3606 5798
397 899 463 964 244
600 913 732 964 numan
754 911 849 962 ruou
873 910 1093 962 sucnslsnor
1114 912 1232 992 suurn

224 1099 341 1216 ΨΜ
398 1102 505 1186 prisea
538 1101 749 1178 consuetudo,
779 1101 865 1166 sicut
896 1100 1026 1186 praefati
1060 1121 1182 1177 sumus,
1205 1103 1240 1164 et
1271 1097 1381 1164 tenuit
1413 1098 1449 1160 et

293 1179 361 1216 ω’
397 1205 553 1269 instituit.
601 1204 759 1284 Quocirca
781 1201 923 1269 Thomas
956 1203 1021 1268 sibi
1055 1202 1214 1269 hactenus
1245 1201 1446 1286 incognitam

395 1327 505 1371 rerum
528 1307 703 1372 veritatem
736 1305 880 1383 edoctus,
904 1310 938 1398 et
963 1303 1135 1370 humiliter
1156 1303 1289 1370 veniam
1323 1307 1446 1389 petens,

396 1407 582 1478 Lanrrsneo
604 1414 639 1474 et
661 1407 776 1494 primae
799 1407 868 1472 sedi
891 1406 1127 1473 reconcilietur.

442 1511 489 1576 Εο
527 1533 606 1578 sane
652 1509 925 1577 reconciliationis
970 1516 1117 1598 tempore
1162 1529 1366 1595 quaecunque
1410 1507 1446 1570 in

396 1619 564 1698 posterum
595 1612 735 1681 suboriri
767 1617 899 1698 peterat
929 1611 1153 1678 altercationis
1186 1611 1310 1678 occasio
1343 1631 1445 1674 remo
1557 1601 1561 1610 ’

396 1720 502 1792 vetur,
527 1720 562 1780 et
595 1719 675 1781 tunc
712 1715 856 1800 primurn
895 1714 1148 1782 Eboracensium
1186 1711 1447 1799 metropolitane

397 1819 540 1886 ecclesiae
578 1817 854 1884 Lindisfemensis
899 1819 1078 1906 episcopus,
1117 1817 1298 1884 Lenfranoo
1336 1837 1447 1884 conce-

397 1919 505 1998 dente,
530 1918 755 2004 suffraganeus
786 1917 989 2000 adhibetur;
1020 1921 1070 1986 ita
1103 1919 1269 1984 duntexet
1291 1917 1448 2003 quatinus

399 2021 435 2085 in
449 2026 617 2107 posterum
640 2021 681 2088 de
704 2021 854 2088 facienda
878 2021 1077 2108 professione
1100 2020 1335 2108 scrupulositas
1357 2019 1449 2083 nulla

399 2117 591 2199 remaneret,
614 2127 649 2187 et
672 2119 861 2188 Oantuariae
893 2123 1001 2210 prima
1022 2122 1114 2188 sedes
1145 2123 1182 2186 in
1213 2122 1266 2186 sui
1287 2121 1448 2207 primatus

398 2223 536 2289 honore·
554 2223 694 2310 pristino
716 2223 917 2310 perduraret.
962 2224 1061 2290 Unde
1088 2229 1123 2290 et
1145 2223 1334 2290 Alexander
1355 2243 1449 2309 pepe,

399 2325 487 2390 inter
519 2323 586 2390 elie
619 2347 694 2410 quae
716 2325 898 2392 Lanfranco
928 2327 1092 2404 mittebat,
1115 2327 1164 2390 ita
1189 2325 1325 2392 scribit:
1357 2334 1445 2390 Acoe-
1459 2342 1576 2402 seem,

398 2424 504 2496 pimus,
536 2414 654 2500 inquit,
676 2441 694 2478 a
716 2423 888 2496 quibusdam
919 2424 1102 2480 venientibus
1132 2425 1168 2480 de
1189 2423 1293 2480 vestris
1315 2407 1619 2526 Plffibfflffss‘ffss'li'

396 2512 434 2567 ed
472 2511 575 2568 limina
606 2517 771 2568 sanctorum
808 2513 1014 2586 Apostolorum
1052 2514 1132 2570 Petri
1169 2518 1199 2569 et
1236 2512 1330 2578 Pauli,
1355 2511 1481 2606 *quodpn
1496 2513 1535 2593 ll.
1571 2513 1607 2526 ''

397 2601 515 2672 quidem
547 2601 656 2667 clerici,
690 2601 831 2658 associato
862 2603 918 2658 sibi
952 2609 1074 2660 terrene
1106 2601 1268 2676 potestatis,
1305 2601 1445 2657 laicorum

397 2691 542 2758 videlieet,
580 2689 699 2757 auxilio,
737 2690 879 2748 diabolico
916 2689 1023 2764 spiritu
1053 2692 1168 2765 repleti,
1206 2691 1367 2748 moliuntur
1411 2690 1447 2746 de

395 2780 517 2836 ecclesie
540 2779 640 2836 Sancti
664 2779 823 2854 Salvatoris
845 2781 877 2836 in
900 2781 1177 2855 Dorobernia‚·ane
1214 2785 1259 2837 est
1280 2780 1447 2853 metropolis

396 2868 487 2926 totius
520 2867 692 2936 Britannice,
724 2871 881 2927 monachos
911 2872 1065 2945 expellere,
1087 2875 1118 2928 et
1149 2870 1267 2928 clericos
1293 2868 1367 2926 inibi
1390 2875 1446 2924 sta·

397 2967 551 3124 tueigitur
581 3039 723 3106 Thomas
756 3037 969 3109 Eboracensis
1003 3045 1070 3106 tres
1102 3039 1229 3106 viritim
1251 3039 1315 3105 sibi
1338 3059 1445 3106 succe·

395 3140 511 3206 dentes
545 3141 720 3228 episcopos,
743 3163 882 3228 quorum
915 3163 1001 3208 unus
1031 3141 1194 3229 hodieque
1225 3146 1380 3228 superest,
1411 3141 1447 3206 in

396 3241 656 3307 bindisiamensi
671 3241 807 3309 ecclesio
822 3245 1031 3311 consecravit.
1080 3243 1151 3310 Nec
1173 3249 1285 3310 tamen
1308 3244 1345 3307 in
1365 3244 1447 3308 urbe

395 3365 463 3420 sue,
486 3343 608 3430 quippe
642 3343 729 3410 solus
751 3365 819 3427 non
842 3349 980 3430 poterat,
1004 3345 1061 3412 sed
1084 3345 1142 3410 ubi
1165 3345 1300 3412 ecclesia
1322 3343 1446 3410 Centu-

395 3445 532 3510 ariensis
564 3446 601 3510 in
631 3445 802 3532 provincia
832 3467 893 3512 sua
925 3447 1131 3526 concedebat,
1154 3452 1189 3513 et
1222 3447 1446 3534 episcoporum

396 3567 530 3612 suorum
553 3547 672 3613 solatis
693 3546 880 3613 exhibebat

244 3720 249 3732 .
441 3646 520 3713 Post
553 3647 624 3715 haec
647 3648 848 3716 Lanfrancus
880 3649 915 3714 in
947 3655 1115 3718 senectute
1137 3651 1223 3716 bons
1245 3649 1446 3737 defungitur,

281 3759 288 3782 ’
397 3753 431 3814 et
461 3750 497 3814 in
528 3749 635 3816 locum
670 3751 741 3837 ejus
777 3751 883 3818 beatae
920 3752 1085 3818 memoriae
1123 3752 1306 3830 Anselmus,
1344 3752 1445 3817 abbes

243 3921 249 3934 ,
396 3851 574 3928 beccensis,
597 3851 750 3938 eligitur3
772 3852 866 3937 cujus
888 3853 1001 3932 vitem
1024 3853 1205 3918 virtutibus
1225 3859 1261 3919 et
1281 3854 1446 3920 miraculis

278 3960 284 3972 ‘
394 3952 578 4038 gloriosam,
601 3952 782 4040 spiritualis
814 3960 849 4019 et
883 3955 1146 4042 incompurubilis
1179 3957 1351 4042 sapientire
1373 3958 1445 4042 qui-

393 4055 470 4120 dem
509 4055 653 4120 Divinus
691 4055 845 4142 splendor
887 4055 1098 4122 illuminavit
1160 4057 1260 4124 Hunc
1304 4057 1445 4124 Thomas

393 4155 606 4224 Eboraceneis
637 4157 673 4222 in
699 4157 904 4223 Doroberniu
937 4159 1110 4245 metropoli
1141 4181 1202 4225 sua
1233 4160 1444 4225 ordinaturus

391 4259 536 4338 advenit,
575 4265 609 4326 et
645 4260 748 4326 totius
780 4259 963 4326 Britanniae
1000 4263 1175 4347 primatem
1220 4261 1444 4329 consecravit¹

393 4360 459 4441 Qui
490 4361 583 4448 cujus
617 4361 823 4441 obedientius,
861 4367 896 4430 et
917 4347 1143 4443 'humifitatis
1182 4371 1217 4430 et
1253 4363 1331 4430 fidei
1366 4386 1444 4451 erge

391 4462 502 4526 sedern
524 4462 748 4548 Apostolieam
778 4461 888 4540 fuerit,
911 4467 1078 4528 testantur
1100 4465 1349 4550 persecutiones,
1373 4465 1442 4531 exi-

390 4562 436 4627 lia
457 4567 492 4628 et
513 4563 667 4649 pericula,
690 4585 773 4650 quse,
796 4565 881 4632 sicut
896 4587 991 4652 paeue
1017 4571 1109 4634 totus
1131 4567 1274 4632 mundus
1296 4567 1443 4654 agnovit,

448 4703 530 4710 ““““““
867 4707 1108 4714 ——-·-——--.-.—--
1127 4709 1131 4713 .
1155 4707 1253 4713 --——-
1287 4705 1441 4714 --μή-...-

424 4765 432 4796 ¹
450 4764 534 4828 Ralph
553 4762 661 4828 entirely
679 4764 753 4814 omits
776 4765 818 4816 the
842 4765 890 4816 rir-
936 4766 1019 4817 which
1031 4781 1073 4818 are
1084 4767 1206 4818 recorded
1217 4767 1251 4833 by
1262 4768 1380 4830 Esdmer,
1391 4770 1443 4820 and

389 4849 548 4894 cumrtances
576 4841 607 4892 oi
636 4841 679 4893 the
708 4842 891 4906 consecration,
936 4860 1007 4897 more
1019 4845 1085 4913 fully
1095 4847 1130 4912 by
1142 4845 1232 4911 Hugh.
