3558 5786
422 873 463 933 14
746 885 829 934 vrra
853 885 975 936 aaron
998 885 1153 936 oswanm

418 1071 499 1157 ipsis
521 1071 705 1139 assimilari.
751 1072 905 1160 Suscepit
926 1077 1039 1140 autem
1062 1071 1157 1137 illum
1188 1071 1276 1136 idem
1307 1069 1477 1155 episeopus

418 1172 661 1260 benignissime,
695 1195 733 1240 ac
766 1175 890 1241 sincere
923 1175 1053 1252 dilexit,
1091 1193 1266 1257 secumque
1304 1171 1477 1256 degentem

254 1293 371 1344 Osehetel
419 1276 471 1338 sui
494 1277 609 1342 secreti
633 1278 798 1343 conscium
822 1278 901 1343 fecit
923 1283 1023 1363 atque
1045 1281 1237 1343 consortem.
1284 1273 1364 1338 Post
1387 1271 1478 1350 dies‚¹

250 1360 371 1477 i'ffi
420 1377 574 1444 defuncto
619 1379 862 1466 archiepiscopo
906 1379 1112 1457 Eboracensi,
1143 1377 1302 1464 praefatus
1341 1374 1479 1439 Osketel

252 1442 406 1556 hloroilfp
419 1479 488 1544 aedi
523 1479 613 1544 illius
644 1480 849 1567 subrogatur.
905 1481 938 1545 Is
970 1503 1029 1567 pro
1063 1479 1149 1546 stola
1179 1477 1479 1564 archiepiscopatus

251 1559 387 1690 225ssssOE
420 1581 559 1646 Romam
581 1587 704 1667 petens,
730 1581 889 1648 Sanctum
913 1582 1104 1648 Oswaldum
1139 1601 1208 1646 suae
1229 1579 1295 1645 viae
1325 1578 1479 1644 comitem

254 1691 379 1742 wiuhim
420 1681 546 1748 habuit.
616 1683 748 1748 Potitus
793 1689 906 1750 autem
954 1684 1116 1749 desiderio
1154 1703 1222 1760 suo,
1260 1701 1335 1747 oum
1373 1679 1480 1744 Roma

254 1759 382 1810 ΝΟΜ·
421 1783 608 1869 digredans
632 1785 834 1870 ispaniam
857 1785 1027 1850 remeandi
1049 1785 1113 1849 aar
1135 1782 1338 1858 acceleraret,
1354 1778 1480 1846 οπο]-

119 1939 126 1950 ,
253 1892 356 1974 stam
421 1884 483 1948 dua
517 1885 633 1950 relicto
664 1885 830 1950 consortio
852 1886 923 1970 ejus
947 1885 1133 1950 Floriacum
1156 1882 1304 1960 divertit,
1327 1880 1481 1947 clericum

252 1967 356 2092 {21¹2th
423 1987 599 2071 quendam,
622 1986 826 2052 Germanum
849 1988 990 2065 nomina,
1014 1992 1115 2052 aetate
1144 1986 1312 2072 juvenem,
1334 1983 1481 2048 moribus

253 2095 303 2143 anu
312 2093 397 2143 leaves
422 2109 541 2165 senem,
581 2089 710 2154 itineris
747 2089 799 2153 sui
837 2111 856 2154 e
894 2089 1002 2175 patria
1039 2089 1163 2154 socium
1201 2107 1311 2154 mcum
1349 2085 1480 2150 ducena

252 2158 396 2276 muna
423 2189 606 2276 Excipiunt
638 2195 750 2256 autem
786 2191 880 2256 illum
915 2191 1017 2256 abbas
1039 2196 1074 2256 et
1104 2189 1223 2255 fratres
1245 2209 1321 2254 cum
1353 2205 1483 2252 summa
1521 2230 1524 2234 -

422 2292 562 2371 laetitia3
594 2313 634 2358 ac
664 2293 833 2359 nonnullis
865 2293 981 2358 diebus
1013 2293 1099 2360 circa
1129 2314 1205 2357 eum
1239 2291 1316 2356 laete
1348 2287 1482 2364 exactis,

422 2415 481 2479 pro
520 2393 589 2460 sola
627 2415 726 2480 quam
758 2395 993 2460 intellexerant
1030 2394 1203 2460 voluntate
1246 2393 1345 2470 illius,
1384 2411 1482 2476 quem

421 2493 630 2562 adduxerat²
664 2497 828 2563 Germano
866 2502 989 2562 sanctae
1028 2497 1115 2560 inter
1153 2515 1187 2560 se
1225 2491 1484 2560 conversationis

421 2596 574 2664 habiturn
608 2599 771 2664 tribuunt.
818 2597 945 2662 Mansit
967 2617 1045 2663 vero
1067 2596 1276 2662 venerandus
1308 2592 1484 2661 Oswaldus

421 2699 458 2761 in
489 2699 561 2785 ipso
595 2699 746 2765 coenobio
779 2698 951 2784 aliquanto
982 2705 1138 2784 tempore,
1174 2697 1245 2762 Deo
1279 2719 1338 2782 per
1372 2694 1484 2761 omnia

422 2799 576 2876 serviens,
599 2805 635 2865 et
656 2799 759 2864 verbo
789 2803 825 2864 at
847 2798 945 2876 facto,
967 2799 1110 2884 qualiter
1132 2797 1176 2864 ad
1198 2796 1347 2863 coelestia
1368 2794 1485 2860 tende·

422 2905 497 2965 rent
519 2900 646 2965 cunctis
669 2899 739 2964 illic
761 2900 1044 2964 commanentibus
1067 2897 1219 2985 exempla
1241 2897 1458 2984 praetendens.

252 3037 356 3090 maala
469 3027 519 3089 10.
543 3023 676 3088 Interea
707 3029 907 3090 memoratus
938 3025 1078 3090 antistes
1104 3025 1212 3088 missis
1235 3023 1365 3088 nuntiis
1388 3023 1484 3107 rogat

253 3111 496 3222 {guffffiteum
536 3125 692 3210 Angliam
731 3125 836 3191 redire
874 3126 917 3190 ad
955 3148 990 3191 se
1002 3149 1010 3206 ;
1048 3126 1205 3212 quatinus
1243 3123 1322 3190 via⁸
1359 3128 1483 3189 sanctae

253 3188 394 3287 Osihetela
422 3227 596 3313 religionis¹
613 3227 707 3312 cujus
730 3249 805 3292 eum
829 3228 959 3294 culmen
982 3227 1132 3314 attigisse
1156 3231 1246 3292 certo
1274 3229 1483 3311 cognoverat,

253 3309 362 3368 aequest.
422 3351 490 3394 suae
521 3329 631 3414 gentis
661 3328 811 3393 homines
842 3329 1028 3394 instrueret.
1075 3329 1121 3394 At
1153 3327 1210 3392 ille
1232 3327 1389 3414 petitioni
1412 3325 1485 3411 ejus

422 3431 512 3495 mitis
547 3429 785 3515 obtemperans,
808 3429 965 3516 Angliam
988 3430 1153 3496 Germano
1186 3429 1302 3495 relicto
1328 3428 1484 3515 penexia

422 3531 528 3595 Rudis
560 3529 648 3594 enim
682 3530 791 3596 adhuc
814 3530 851 3594 in
873 3530 1055 3617 disciplinis
1089 3529 1297 3617 regularibus
1320 3536 1400 3608 crat,
1424 3549 1487 3594 nec

422 3631 517 3695 illum
550 3631 616 3694 nisi
647 3630 789 3717 perfecte
822 3632 974 3696 edoctum
1006 3653 1027 3697 a
1058 3632 1129 3698 loeo
1164 3633 1312 3717 separari
1345 3631 1487 3698 sinebat.

423 3731 621 3798 Perveniens
652 3733 766 3818 itaque
799 3733 842 3798 ad
875 3733 1071 3818 episcopum,
1094 3733 1192 3799 solito
1219 3755 1311 3798 more
1333 3733 1372 3798 in
1395 3731 1487 3798 omni

423 3835 601 3902 sanctitate
635 3839 669 3900 et
701 3835 953 3900 mansuetudine
981 3835 1083 3920 juxta
1118 3855 1195 3900 eum
1218 3834 1487 3911 conversabatur,

423 3941 459 4002 et
492 3937 568 4053 ifieo
599 3935 776 4102 alcuncbtis
808 3935 869 4100 pic}
897 3936 1025 4100 αῗθεω,
1048 3955 1169 4022 magno
1180 3956 1323 4102 ὴὲηιοτθ,
1356 3955 1487 4000 summo

256 4143 375 4194 „aa
423 4040 536 4204 “tt
544 4043 730 4204 ltili
744 4043 1336 4224 tt‘atllltlttltlta
1358 4138 1487 4205 aaa

257 4210 406 4341 ffiffiffiop
424 4240 619 4305 Dunstanus
661 4239 697 4302 in
740 4238 928 4304 cathedram
976 4240 1192 4324 pontificatus
1234 4239 1487 4308 Cantuariensis

257 4339 401 4391 occentar-
424 4342 580 4427 praedicto
604 4339 713 4403 Odoni
736 4341 897 4416 suecessit,
921 4340 974 4404 vir
996 4340 1059 4406 Dei
1081 4343 1190 4427 gratia
1212 4363 1233 4408 a
1254 4344 1372 4408 matris
1389 4350 1487 4411 utero

256 4407 393 4469 bumana
806 4441 812 4454 .
1040 4443 1046 4457 ,
1210 4446 1216 4460 Ι

256 4471 352 4522 hem
424 4444 551 4528 plenus,
579 4446 614 4505 et
645 4440 748 4505 donec
781 4445 861 4506 vae
894 4449 1048 4526 praesenb
1072 4445 1234 4530 superfurt
1262 4465 1352 4513 nunc
1375 4447 1485 4512 caeles·

458 4689 466 4720 ¹
484 4687 550 4752 cb'ee]
566 4701 669 4750 paucos,
681 4685 725 4732 ina.
739 4685 767 4734 B.
1008 4690 1018 4721 ³
1036 4691 1089 4755 via]
1106 4691 1181 4754 viam,
1193 4693 1225 4743 Β,

457 4765 468 4797 ²
485 4779 554 4828 mem
566 4760 722 4826 adduxerat]
737 4761 829 4824 eidem,
839 4763 872 4814 Α.
881 4765 911 4813 B.
