<?xml version="1.0" encoding="UTF-8"?>
<!DOCTYPE html PUBLIC "-//W3C//DTD XHTML 1.0 Transitional//EN"
    "http://www.w3.org/TR/xhtml1/DTD/xhtml1-transitional.dtd">
<html xmlns="http://www.w3.org/1999/xhtml" xml:lang="en" lang="en">
 <head>
  <title>
</title>
<meta http-equiv="Content-Type" content="text/html;charset=utf-8" />
  <meta name='ocr-system' content='tesseract 3.04.00' />
  <meta name='ocr-capabilities' content='ocr_page ocr_carea ocr_par ocr_line ocrx_word'/>
</head>
<body>
  <div class='ocr_page' id='page_1' title='image "./historianschurc00raingoog/historianschurc00raingoog_0208.png"; bbox 0 0 3586 5802; ppageno 0'>
   <div class='ocr_carea' id='block_1_1' title="bbox 464 865 1395 952">
    <p class='ocr_par' dir='ltr' id='par_1_1' title="bbox 464 865 1395 952">
     <span class='ocr_line' id='line_1_1' title="bbox 464 865 1395 952; baseline 0.012 -24"><span class='ocrx_word' id='word_1_1' title='bbox 464 865 527 930; x_wconf 87' lang='lat'>166</span> <span class='ocrx_word' id='word_1_2' title='bbox 618 879 766 930; x_wconf 77' lang='lat' dir='ltr'>marcar</span> <span class='ocrx_word' id='word_1_3' title='bbox 789 881 833 930; x_wconf 87' lang='lat' dir='ltr'>or</span> <span class='ocrx_word' id='word_1_4' title='bbox 855 879 950 934; x_wconf 76' lang='lat' dir='ltr'>roua</span> <span class='ocrx_word' id='word_1_5' title='bbox 974 882 1209 936; x_wconf 73' lang='lat' dir='ltr'>monumnors</span> <span class='ocrx_word' id='word_1_6' title='bbox 1231 888 1276 937; x_wconf 86' lang='lat' dir='ltr'>or</span> <span class='ocrx_word' id='word_1_7' title='bbox 1298 889 1395 952; x_wconf 71' lang='lat' dir='ltr'>ronx</span> 
     </span>
    </p>
   </div>
   <div class='ocr_carea' id='block_1_2' title="bbox 292 1066 1511 1157">
    <p class='ocr_par' dir='ltr' id='par_1_2' title="bbox 292 1066 1511 1157">
     <span class='ocr_line' id='line_1_2' title="bbox 292 1066 1511 1157; baseline 0.022 -33"><span class='ocrx_word' id='word_1_8' title='bbox 292 1066 370 1144; x_wconf 66' lang='lat' dir='ltr'>Their</span> <span class='ocrx_word' id='word_1_9' title='bbox 463 1069 554 1132; x_wconf 89' lang='lat' dir='ltr'>mino</span> <span class='ocrx_word' id='word_1_10' title='bbox 571 1089 632 1133; x_wconf 90' lang='lat' dir='ltr'>suo</span> <span class='ocrx_word' id='word_1_11' title='bbox 646 1075 681 1134; x_wconf 85' lang='lat' dir='ltr'>et</span> <span class='ocrx_word' id='word_1_12' title='bbox 703 1071 775 1157; x_wconf 85' lang='lat' dir='ltr'>regi</span> <span class='ocrx_word' id='word_1_13' title='bbox 784 1069 933 1156; x_wconf 86' lang='lat' dir='ltr'>juratam</span> <span class='ocrx_word' id='word_1_14' title='bbox 955 1073 1152 1141; x_wconf 85' lang='lat' dir='ltr'>fidelitatem</span> <span class='ocrx_word' id='word_1_15' title='bbox 1175 1097 1243 1142; x_wconf 89' lang='lat' dir='ltr'>non</span> <span class='ocrx_word' id='word_1_16' title='bbox 1259 1077 1511 1151; x_wconf 72' lang='lat' dir='ltr'>banescrvussc</span> 
     </span>
    </p>
   </div>
   <div class='ocr_carea' id='block_1_3' title="bbox 292 1133 1515 1259">
    <p class='ocr_par' dir='ltr' id='par_1_3' title="bbox 292 1133 1515 1259">
     <span class='ocr_line' id='line_1_3' title="bbox 292 1133 1515 1259; baseline 0 -18"><span class='ocrx_word' id='word_1_17' title='bbox 292 1133 415 1251; x_wconf 40' lang='lat' dir='ltr'>pqqrnepq-</span> <span class='ocrx_word' id='word_1_18' title='bbox 464 1174 578 1236; x_wconf 81' lang='lat' dir='ltr'>contra</span> <span class='ocrx_word' id='word_1_19' title='bbox 600 1193 738 1259; x_wconf 82' lang='lat' dir='ltr'>regnum</span> <span class='ocrx_word' id='word_1_20' title='bbox 761 1173 883 1252; x_wconf 87' lang='lat' dir='ltr'>fecisse,</span> <span class='ocrx_word' id='word_1_21' title='bbox 906 1175 1126 1244; x_wconf 81' lang='lat' dir='ltr'>testabantur.</span> <span class='ocrx_word' id='word_1_22' title='bbox 1185 1177 1329 1258; x_wconf 82' lang='lat' dir='ltr'>Quidam</span> <span class='ocrx_word' id='word_1_23' title='bbox 1353 1178 1407 1245; x_wconf 86' lang='lat' dir='ltr'>val</span> <span class='ocrx_word' id='word_1_24' title='bbox 1429 1177 1515 1243; x_wconf 87' lang='lat' dir='ltr'>veri-</span> 
     </span>
    </p>
   </div>
   <div class='ocr_carea' id='block_1_4' title="bbox 292 1267 1511 1398">
    <p class='ocr_par' dir='ltr' id='par_1_4' title="bbox 292 1267 1511 1398">
     <span class='ocr_line' id='line_1_4' title="bbox 292 1267 1511 1398; baseline -0.011 -57"><span class='ocrx_word' id='word_1_25' title='bbox 292 1267 436 1398; x_wconf 54' lang='lat' dir='ltr'>ffiffl</span> <span class='ocrx_word' id='word_1_26' title='bbox 465 1275 534 1337; x_wconf 86' lang='lat' dir='ltr'>tate</span> <span class='ocrx_word' id='word_1_27' title='bbox 556 1273 610 1338; x_wconf 91' lang='lat' dir='ltr'>vel</span> <span class='ocrx_word' id='word_1_28' title='bbox 632 1275 753 1340; x_wconf 88' lang='lat' dir='ltr'>amoris</span> <span class='ocrx_word' id='word_1_29' title='bbox 775 1277 993 1344; x_wconf 73' lang='lat' dir='ltr'>similitudine</span> <span class='ocrx_word' id='word_1_30' title='bbox 1020 1301 1080 1365; x_wconf 92' lang='lat' dir='ltr'>pro</span> <span class='ocrx_word' id='word_1_31' title='bbox 1103 1302 1142 1346; x_wconf 81' lang='lat' dir='ltr'>eo</span> <span class='ocrx_word' id='word_1_32' title='bbox 1165 1279 1322 1348; x_wconf 59' lang='lat' dir='ltr'>dolebant</span> <span class='ocrx_word' id='word_1_33' title='bbox 1354 1283 1390 1346; x_wconf 71' lang='lat' dir='ltr'>in</span> <span class='ocrx_word' id='word_1_34' title='bbox 1413 1281 1511 1346; x_wconf 68' lang='lat' dir='ltr'><strong>finem</strong></span> 
     </span>
    </p>
   </div>
   <div class='ocr_carea' id='block_1_5' title="bbox 283 1375 1516 3388">
    <p class='ocr_par' dir='ltr' id='par_1_5' title="bbox 289 1375 1516 2082">
     <span class='ocr_line' id='line_1_5' title="bbox 292 1375 1514 1472; baseline 0.009 -35"><span class='ocrx_word' id='word_1_35' title='bbox 292 1400 422 1452; x_wconf 71' lang='lat' dir='ltr'>thanen</span> <span class='ocrx_word' id='word_1_36' title='bbox 463 1375 746 1463; x_wconf 76' lang='lat' dir='ltr'>archiepiscopatu</span> <span class='ocrx_word' id='word_1_37' title='bbox 772 1380 927 1460; x_wconf 86' lang='lat' dir='ltr'>cariture,</span> <span class='ocrx_word' id='word_1_38' title='bbox 950 1387 985 1448; x_wconf 86' lang='lat' dir='ltr'>et</span> <span class='ocrx_word' id='word_1_39' title='bbox 1015 1382 1051 1448; x_wconf 92' lang='lat' dir='ltr'>in</span> <span class='ocrx_word' id='word_1_40' title='bbox 1074 1383 1147 1450; x_wconf 87' lang='lat' dir='ltr'>vita</span> <span class='ocrx_word' id='word_1_41' title='bbox 1178 1384 1265 1472; x_wconf 85' lang='lat' dir='ltr'>regis</span> <span class='ocrx_word' id='word_1_42' title='bbox 1285 1383 1397 1470; x_wconf 32' lang='lat' dir='ltr'>,hujus</span> <span class='ocrx_word' id='word_1_43' title='bbox 1428 1404 1514 1448; x_wconf 91' lang='lat' dir='ltr'>nun·</span> 
     </span>
     <span class='ocr_line' id='line_1_6' title="bbox 292 1469 1516 1570; baseline -0.005 -16"><span class='ocrx_word' id='word_1_44' title='bbox 292 1489 366 1567; x_wconf 56' lang='lat' dir='ltr'>Ther</span> <span class='ocrx_word' id='word_1_45' title='bbox 464 1497 564 1560; x_wconf 82' lang='lat' dir='ltr'>quam</span> <span class='ocrx_word' id='word_1_46' title='bbox 588 1477 744 1567; x_wconf 83' lang='lat' dir='ltr'>Angliam</span> <span class='ocrx_word' id='word_1_47' title='bbox 767 1469 941 1548; x_wconf 73' lang='lat' dir='ltr'>intraturo.</span> <span class='ocrx_word' id='word_1_48' title='bbox 990 1483 1097 1570; x_wconf 82' lang='lat' dir='ltr'>Super</span> <span class='ocrx_word' id='word_1_49' title='bbox 1119 1485 1211 1562; x_wconf 91' lang='lat' dir='ltr'>alios,</span> <span class='ocrx_word' id='word_1_50' title='bbox 1227 1485 1424 1552; x_wconf 81' lang='lat' dir='ltr'>Exoniansis</span> <span class='ocrx_word' id='word_1_51' title='bbox 1446 1485 1516 1570; x_wconf 89' lang='lat' dir='ltr'>epi·</span> 
     </span>
     <span class='ocr_line' id='line_1_7' title="bbox 292 1558 1515 1686; baseline 0.006 -44"><span class='ocrx_word' id='word_1_52' title='bbox 292 1558 441 1686; x_wconf 43' lang='lat' dir='ltr'>&amp;23¹2le</span> <span class='ocrx_word' id='word_1_53' title='bbox 463 1600 579 1665; x_wconf 91' lang='lat' dir='ltr'>scopus</span> <span class='ocrx_word' id='word_1_54' title='bbox 606 1603 675 1647; x_wconf 89' lang='lat' dir='ltr'>rem</span> <span class='ocrx_word' id='word_1_55' title='bbox 698 1583 911 1670; x_wconf 83' lang='lat' dir='ltr'>aggravabat,</span> <span class='ocrx_word' id='word_1_56' title='bbox 935 1585 1050 1652; x_wconf 89' lang='lat' dir='ltr'>dolens</span> <span class='ocrx_word' id='word_1_57' title='bbox 1081 1609 1116 1652; x_wconf 89' lang='lat' dir='ltr'>se</span> <span class='ocrx_word' id='word_1_58' title='bbox 1139 1585 1315 1673; x_wconf 88' lang='lat' dir='ltr'>deceptum</span> <span class='ocrx_word' id='word_1_59' title='bbox 1348 1586 1448 1652; x_wconf 85' lang='lat' dir='ltr'>fuisse</span> <span class='ocrx_word' id='word_1_60' title='bbox 1481 1590 1515 1650; x_wconf 91' lang='lat' dir='ltr'>et</span> 
     </span>
     <span class='ocr_line' id='line_1_8' title="bbox 289 1684 1514 1775; baseline 0.013 -39"><span class='ocrx_word' id='word_1_61' title='bbox 289 1687 375 1766; x_wconf 36' lang='lat' dir='ltr'>from·</span> <span class='ocrx_word' id='word_1_62' title='bbox 462 1703 571 1767; x_wconf 85' lang='lat' dir='ltr'>regem</span> <span class='ocrx_word' id='word_1_63' title='bbox 595 1684 768 1771; x_wconf 81' lang='lat' dir='ltr'>decepisse,</span> <span class='ocrx_word' id='word_1_64' title='bbox 784 1691 819 1751; x_wconf 90' lang='lat' dir='ltr'>et</span> <span class='ocrx_word' id='word_1_65' title='bbox 833 1685 929 1753; x_wconf 85' lang='lat' dir='ltr'>odio¹</span> <span class='ocrx_word' id='word_1_66' title='bbox 945 1689 1203 1774; x_wconf 74' lang='lat' dir='ltr'>persequebatur</span> <span class='ocrx_word' id='word_1_67' title='bbox 1225 1689 1514 1775; x_wconf 82' lang='lat' dir='ltr'>archiepiscopum,</span> 
     </span>
     <span class='ocr_line' id='line_1_9' title="bbox 294 1755 1513 1878; baseline 0.006 -29"><span class='ocrx_word' id='word_1_68' title='bbox 294 1755 402 1806; x_wconf 72' lang='lat' dir='ltr'>rumas.</span> <span class='ocrx_word' id='word_1_69' title='bbox 461 1785 549 1868; x_wconf 90' lang='lat' dir='ltr'>quod</span> <span class='ocrx_word' id='word_1_70' title='bbox 572 1807 671 1852; x_wconf 86' lang='lat' dir='ltr'>ausus</span> <span class='ocrx_word' id='word_1_71' title='bbox 693 1787 761 1853; x_wconf 85' lang='lat' dir='ltr'>fuit</span> <span class='ocrx_word' id='word_1_72' title='bbox 784 1811 858 1854; x_wconf 86' lang='lat' dir='ltr'>eum</span> <span class='ocrx_word' id='word_1_73' title='bbox 889 1791 1078 1856; x_wconf 84' lang='lat' dir='ltr'>mendacem</span> <span class='ocrx_word' id='word_1_74' title='bbox 1109 1791 1222 1860; x_wconf 84' lang='lat' dir='ltr'>secisse</span> <span class='ocrx_word' id='word_1_75' title='bbox 1245 1814 1267 1857; x_wconf 85' lang='lat' dir='ltr'>a</span> <span class='ocrx_word' id='word_1_76' title='bbox 1292 1813 1378 1878; x_wconf 91' lang='lat' dir='ltr'>papa</span> <span class='ocrx_word' id='word_1_77' title='bbox 1401 1811 1513 1856; x_wconf 83' lang='lat' dir='ltr'>conse·</span> 
     </span>
     <span class='ocr_line' id='line_1_10' title="bbox 458 1887 1513 1980; baseline 0.007 -30"><span class='ocrx_word' id='word_1_78' title='bbox 458 1891 575 1952; x_wconf 88' lang='lat' dir='ltr'>cratus.</span> <span class='ocrx_word' id='word_1_79' title='bbox 633 1887 750 1955; x_wconf 88' lang='lat' dir='ltr'>Deciso</span> <span class='ocrx_word' id='word_1_80' title='bbox 777 1891 913 1957; x_wconf 87' lang='lat' dir='ltr'>tandem</span> <span class='ocrx_word' id='word_1_81' title='bbox 937 1893 980 1958; x_wconf 85' lang='lat' dir='ltr'>ab</span> <span class='ocrx_word' id='word_1_82' title='bbox 1002 1893 1155 1960; x_wconf 88' lang='lat' dir='ltr'>omnibus</span> <span class='ocrx_word' id='word_1_83' title='bbox 1188 1916 1223 1960; x_wconf 87' lang='lat' dir='ltr'>se</span> <span class='ocrx_word' id='word_1_84' title='bbox 1250 1894 1293 1958; x_wconf 90' lang='lat' dir='ltr'>ab</span> <span class='ocrx_word' id='word_1_85' title='bbox 1325 1894 1397 1980; x_wconf 89' lang='lat' dir='ltr'>ejus</span> <span class='ocrx_word' id='word_1_86' title='bbox 1427 1913 1513 1959; x_wconf 89' lang='lat' dir='ltr'>com·</span> 
     </span>
     <span class='ocr_line' id='line_1_11' title="bbox 457 1989 1512 2082; baseline 0.008 -31"><span class='ocrx_word' id='word_1_87' title='bbox 457 1989 615 2054; x_wconf 89' lang='lat' dir='ltr'>munione</span> <span class='ocrx_word' id='word_1_88' title='bbox 638 1996 672 2055; x_wconf 88' lang='lat' dir='ltr'>et</span> <span class='ocrx_word' id='word_1_89' title='bbox 694 1992 909 2060; x_wconf 87' lang='lat' dir='ltr'>collocutione</span> <span class='ocrx_word' id='word_1_90' title='bbox 941 1995 1150 2080; x_wconf 86' lang='lat' dir='ltr'>suspendere,</span> <span class='ocrx_word' id='word_1_91' title='bbox 1173 1996 1345 2061; x_wconf 84' lang='lat' dir='ltr'>civitatem</span> <span class='ocrx_word' id='word_1_92' title='bbox 1373 1994 1512 2082; x_wconf 86' lang='lat' dir='ltr'>ingressi</span> 
     </span>
    </p>

    <p class='ocr_par' dir='ltr' id='par_1_6' title="bbox 283 2105 1514 3306">
     <span class='ocr_line' id='line_1_12' title="bbox 462 2105 547 2156; baseline 0.024 -2"><span class='ocrx_word' id='word_1_93' title='bbox 462 2105 547 2156; x_wconf 71' lang='lat' dir='ltr'>Sunt.</span> 
     </span>
     <span class='ocr_line' id='line_1_13' title="bbox 394 2180 1513 2280; baseline 0.004 -21"><span class='ocrx_word' id='word_1_94' title='bbox 394 2269 400 2280; x_wconf 32' lang='lat'>¹</span> <span class='ocrx_word' id='word_1_95' title='bbox 507 2191 661 2260; x_wconf 79' lang='lat' dir='ltr'>Crastina</span> <span class='ocrx_word' id='word_1_96' title='bbox 692 2197 779 2262; x_wconf 86' lang='lat' dir='ltr'>sedit</span> <span class='ocrx_word' id='word_1_97' title='bbox 801 2196 995 2276; x_wconf 82' lang='lat' dir='ltr'>Concilium,</span> <span class='ocrx_word' id='word_1_98' title='bbox 1017 2199 1084 2276; x_wconf 91' lang='lat' dir='ltr'>ubi,</span> <span class='ocrx_word' id='word_1_99' title='bbox 1117 2180 1203 2265; x_wconf 77' lang='lat' dir='ltr'>sicut</span> <span class='ocrx_word' id='word_1_100' title='bbox 1230 2197 1432 2266; x_wconf 87' lang='lat' dir='ltr'>consuetudo</span> <span class='ocrx_word' id='word_1_101' title='bbox 1454 2203 1513 2275; x_wconf 85' lang='lat' dir='ltr'>est,</span> 
     </span>
     <span class='ocr_line' id='line_1_14' title="bbox 290 2269 1513 2389; baseline 0.002 -29"><span class='ocrx_word' id='word_1_102' title='bbox 290 2269 440 2386; x_wconf 50' lang='grc' dir='ltr'>ξζξξζξᾝθ</span> <span class='ocrx_word' id='word_1_103' title='bbox 462 2296 537 2360; x_wconf 87' lang='lat' dir='ltr'>sede</span> <span class='ocrx_word' id='word_1_104' title='bbox 561 2297 641 2362; x_wconf 85' lang='lat' dir='ltr'>data</span> <span class='ocrx_word' id='word_1_105' title='bbox 662 2299 780 2384; x_wconf 88' lang='lat' dir='ltr'>cuique</span> <span class='ocrx_word' id='word_1_106' title='bbox 811 2300 1065 2386; x_wconf 84' lang='lat' dir='ltr'>metropolitano</span> <span class='ocrx_word' id='word_1_107' title='bbox 1088 2323 1163 2368; x_wconf 90' lang='lat' dir='ltr'>cum</span> <span class='ocrx_word' id='word_1_108' title='bbox 1187 2302 1402 2389; x_wconf 79' lang='lat' dir='ltr'>sulliaganeis</span> <span class='ocrx_word' id='word_1_109' title='bbox 1435 2300 1513 2376; x_wconf 87' lang='lat' dir='ltr'>suia,</span> 
     </span>
     <span class='ocr_line' id='line_1_15' title="bbox 291 2399 1514 2490; baseline 0 -26"><span class='ocrx_word' id='word_1_110' title='bbox 291 2401 395 2480; x_wconf 64' lang='lat' dir='ltr'>Opuntii</span> <span class='ocrx_word' id='word_1_111' title='bbox 460 2419 535 2464; x_wconf 88' lang='lat' dir='ltr'>cum</span> <span class='ocrx_word' id='word_1_112' title='bbox 563 2420 622 2464; x_wconf 92' lang='lat' dir='ltr'>suo</span> <span class='ocrx_word' id='word_1_113' title='bbox 646 2399 824 2466; x_wconf 90' lang='lat' dir='ltr'>Orcadensi</span> <span class='ocrx_word' id='word_1_114' title='bbox 858 2402 1018 2489; x_wconf 87' lang='lat' dir='ltr'>episcopo,</span> <span class='ocrx_word' id='word_1_115' title='bbox 1042 2403 1099 2488; x_wconf 88' lang='lat' dir='ltr'>qui</span> <span class='ocrx_word' id='word_1_116' title='bbox 1137 2408 1380 2490; x_wconf 76' lang='lat' dir='ltr'>supervenerat,</span> <span class='ocrx_word' id='word_1_117' title='bbox 1402 2407 1514 2468; x_wconf 87' lang='lat' dir='ltr'>noster</span> 
     </span>
     <span class='ocr_line' id='line_1_16' title="bbox 290 2469 1513 2601; baseline 0 -36"><span class='ocrx_word' id='word_1_118' title='bbox 290 2469 426 2601; x_wconf 43' lang='lat' dir='ltr'>ffissffm</span> <span class='ocrx_word' id='word_1_119' title='bbox 460 2500 590 2566; x_wconf 82' lang='lat' dir='ltr'>assedit.</span> <span class='ocrx_word' id='word_1_120' title='bbox 632 2502 863 2569; x_wconf 86' lang='lat' dir='ltr'>Dunelmcnsis</span> <span class='ocrx_word' id='word_1_121' title='bbox 885 2505 1064 2591; x_wconf 85' lang='lat' dir='ltr'>episcopus,</span> <span class='ocrx_word' id='word_1_122' title='bbox 1087 2504 1145 2589; x_wconf 92' lang='lat' dir='ltr'>qui</span> <span class='ocrx_word' id='word_1_123' title='bbox 1170 2509 1307 2570; x_wconf 86' lang='lat' dir='ltr'>venerat</span> <span class='ocrx_word' id='word_1_124' title='bbox 1328 2525 1403 2570; x_wconf 89' lang='lat' dir='ltr'>cum</span> <span class='ocrx_word' id='word_1_125' title='bbox 1427 2503 1513 2568; x_wconf 90' lang='lat' dir='ltr'>Nor-</span> 
     </span>
     <span class='ocr_line' id='line_1_17' title="bbox 289 2602 1511 2719; baseline 0.002 -52"><span class='ocrx_word' id='word_1_126' title='bbox 289 2602 436 2719; x_wconf 52' lang='lat' dir='ltr'>tqeobipbu</span> <span class='ocrx_word' id='word_1_127' title='bbox 460 2604 599 2680; x_wconf 85' lang='lat' dir='ltr'>mannis,</span> <span class='ocrx_word' id='word_1_128' title='bbox 622 2624 689 2670; x_wconf 90' lang='lat' dir='ltr'>non</span> <span class='ocrx_word' id='word_1_129' title='bbox 719 2627 819 2671; x_wconf 90' lang='lat' dir='ltr'>ausus</span> <span class='ocrx_word' id='word_1_130' title='bbox 842 2611 892 2672; x_wconf 87' lang='lat' dir='ltr'>cst</span> <span class='ocrx_word' id='word_1_131' title='bbox 915 2627 990 2672; x_wconf 89' lang='lat' dir='ltr'>curn</span> <span class='ocrx_word' id='word_1_132' title='bbox 1025 2629 1084 2672; x_wconf 85' lang='lat' dir='ltr'>suo</span> <span class='ocrx_word' id='word_1_133' title='bbox 1115 2607 1358 2692; x_wconf 84' lang='lat' dir='ltr'>archiepiscopo</span> <span class='ocrx_word' id='word_1_134' title='bbox 1391 2605 1511 2680; x_wconf 86' lang='lat' dir='ltr'>sedere,</span> 
     </span>
     <span class='ocr_line' id='line_1_18' title="bbox 288 2683 1511 2796; baseline -0.001 -24"><span class='ocrx_word' id='word_1_135' title='bbox 288 2684 304 2718; x_wconf 86' lang='lat'>⁰</span> <span class='ocrx_word' id='word_1_136' title='bbox 351 2683 440 2734; x_wconf 62' lang='lat'>‘¹¹³5-</span> <span class='ocrx_word' id='word_1_137' title='bbox 460 2729 519 2772; x_wconf 90' lang='lat' dir='ltr'>nec</span> <span class='ocrx_word' id='word_1_138' title='bbox 541 2707 597 2772; x_wconf 89' lang='lat' dir='ltr'>ille</span> <span class='ocrx_word' id='word_1_139' title='bbox 612 2707 785 2774; x_wconf 87' lang='lat' dir='ltr'>clamorem</span> <span class='ocrx_word' id='word_1_140' title='bbox 809 2708 959 2776; x_wconf 84' lang='lat' dir='ltr'>faciendo</span> <span class='ocrx_word' id='word_1_141' title='bbox 974 2731 1050 2774; x_wconf 89' lang='lat' dir='ltr'>cum</span> <span class='ocrx_word' id='word_1_142' title='bbox 1073 2731 1187 2796; x_wconf 85' lang='lat' dir='ltr'>cogere</span> <span class='ocrx_word' id='word_1_143' title='bbox 1205 2709 1318 2786; x_wconf 90' lang='lat' dir='ltr'>voluit,</span> <span class='ocrx_word' id='word_1_144' title='bbox 1339 2730 1380 2773; x_wconf 89' lang='lat' dir='ltr'>ne</span> <span class='ocrx_word' id='word_1_145' title='bbox 1404 2729 1511 2795; x_wconf 87' lang='lat' dir='ltr'>regem</span> 
     </span>
     <span class='ocr_line' id='line_1_19' title="bbox 460 2809 1511 2897; baseline -0.001 -23"><span class='ocrx_word' id='word_1_146' title='bbox 460 2810 618 2875; x_wconf 84' lang='lat' dir='ltr'>adversus</span> <span class='ocrx_word' id='word_1_147' title='bbox 640 2809 837 2897; x_wconf 88' lang='lat' dir='ltr'>episcopum,</span> <span class='ocrx_word' id='word_1_148' title='bbox 853 2815 887 2876; x_wconf 89' lang='lat' dir='ltr'>et</span> <span class='ocrx_word' id='word_1_149' title='bbox 909 2811 1015 2897; x_wconf 85' lang='lat' dir='ltr'>magis</span> <span class='ocrx_word' id='word_1_150' title='bbox 1039 2811 1214 2876; x_wconf 86' lang='lat' dir='ltr'>adversum</span> <span class='ocrx_word' id='word_1_151' title='bbox 1238 2833 1272 2876; x_wconf 83' lang='lat' dir='ltr'>se</span> <span class='ocrx_word' id='word_1_152' title='bbox 1295 2810 1511 2876; x_wconf 70' lang='lat' dir='ltr'>exacerbaret.</span> 
     </span>
     <span class='ocr_line' id='line_1_20' title="bbox 283 2911 1511 2999; baseline 0.007 -33"><span class='ocrx_word' id='word_1_153' title='bbox 283 2917 448 2995; x_wconf 72' lang='lat' dir='ltr'>Thenishops</span> <span class='ocrx_word' id='word_1_154' title='bbox 461 2911 511 2975; x_wconf 91' lang='lat' dir='ltr'>Dc</span> <span class='ocrx_word' id='word_1_155' title='bbox 535 2911 695 2997; x_wconf 87' lang='lat' dir='ltr'>episcopis</span> <span class='ocrx_word' id='word_1_156' title='bbox 719 2911 934 2978; x_wconf 85' lang='lat' dir='ltr'>Normanniae</span> <span class='ocrx_word' id='word_1_157' title='bbox 965 2927 999 2978; x_wconf 90' lang='lat' dir='ltr'>et</span> <span class='ocrx_word' id='word_1_158' title='bbox 1022 2912 1152 2999; x_wconf 82' lang='lat' dir='ltr'>Angliae</span> <span class='ocrx_word' id='word_1_159' title='bbox 1176 2911 1287 2977; x_wconf 89' lang='lat' dir='ltr'>nullus</span> <span class='ocrx_word' id='word_1_160' title='bbox 1310 2917 1378 2978; x_wconf 82' lang='lat' dir='ltr'>uut</span> <span class='ocrx_word' id='word_1_161' title='bbox 1411 2933 1511 2988; x_wconf 87' lang='lat' dir='ltr'>rarus,</span> 
     </span>
     <span class='ocr_line' id='line_1_21' title="bbox 288 2983 1512 3101; baseline -0.001 -23"><span class='ocrx_word' id='word_1_162' title='bbox 288 2983 435 3101; x_wconf 53' lang='lat' dir='ltr'>{prppqepm</span> <span class='ocrx_word' id='word_1_163' title='bbox 461 3021 495 3078; x_wconf 90' lang='lat' dir='ltr'>et</span> <span class='ocrx_word' id='word_1_164' title='bbox 517 3014 552 3078; x_wconf 91' lang='lat' dir='ltr'>id</span> <span class='ocrx_word' id='word_1_165' title='bbox 575 3013 722 3081; x_wconf 83' lang='lat' dir='ltr'>clanculo</span> <span class='ocrx_word' id='word_1_166' title='bbox 752 3019 887 3101; x_wconf 88' lang='lat' dir='ltr'>propter</span> <span class='ocrx_word' id='word_1_167' title='bbox 917 3019 1044 3080; x_wconf 89' lang='lat' dir='ltr'>metum</span> <span class='ocrx_word' id='word_1_168' title='bbox 1067 3015 1161 3101; x_wconf 84' lang='lat' dir='ltr'>regis,</span> <span class='ocrx_word' id='word_1_169' title='bbox 1184 3013 1341 3080; x_wconf 84' lang='lat' dir='ltr'>veniebat</span> <span class='ocrx_word' id='word_1_170' title='bbox 1362 3013 1405 3079; x_wconf 86' lang='lat' dir='ltr'>ad</span> <span class='ocrx_word' id='word_1_171' title='bbox 1437 3034 1512 3079; x_wconf 89' lang='lat' dir='ltr'>nos-</span> 
     </span>
     <span class='ocr_line' id='line_1_22' title="bbox 290 3115 1512 3204; baseline -0.002 -23"><span class='ocrx_word' id='word_1_172' title='bbox 290 3117 394 3194; x_wconf 67' lang='lat' dir='ltr'>unguen</span> <span class='ocrx_word' id='word_1_173' title='bbox 461 3123 558 3192; x_wconf 88' lang='lat' dir='ltr'>trum,</span> <span class='ocrx_word' id='word_1_174' title='bbox 594 3115 651 3182; x_wconf 80' lang='lat' dir='ltr'>uel</span> <span class='ocrx_word' id='word_1_175' title='bbox 688 3116 935 3203; x_wconf 80' lang='lat' dir='ltr'>colloquebatur</span> <span class='ocrx_word' id='word_1_176' title='bbox 972 3122 1150 3204; x_wconf 64' lang='lat' dir='ltr'>anmquam</span> <span class='ocrx_word' id='word_1_177' title='bbox 1189 3116 1400 3183; x_wconf 87' lang='lat' dir='ltr'>discederent.</span> <span class='ocrx_word' id='word_1_178' title='bbox 1460 3115 1512 3179; x_wconf 83' lang='lat' dir='ltr'>Ex</span> 
     </span>
     <span class='ocr_line' id='line_1_23' title="bbox 288 3191 1512 3306; baseline -0.002 -21"><span class='ocrx_word' id='word_1_179' title='bbox 288 3191 414 3248; x_wconf 52' lang='lat' dir='ltr'>‘mm&#39;</span> <span class='ocrx_word' id='word_1_180' title='bbox 460 3226 554 3306; x_wconf 85' lang='lat' dir='ltr'>parte</span> <span class='ocrx_word' id='word_1_181' title='bbox 577 3220 662 3305; x_wconf 87' lang='lat' dir='ltr'>regis</span> <span class='ocrx_word' id='word_1_182' title='bbox 695 3220 877 3305; x_wconf 85' lang='lat' dir='ltr'>ingressum</span> <span class='ocrx_word' id='word_1_183' title='bbox 911 3221 1016 3286; x_wconf 86' lang='lat' dir='ltr'>totius</span> <span class='ocrx_word' id='word_1_184' title='bbox 1046 3224 1143 3285; x_wconf 81' lang='lat' dir='ltr'>terrae</span> <span class='ocrx_word' id='word_1_185' title='bbox 1175 3242 1244 3286; x_wconf 85' lang='lat' dir='ltr'>suae</span> <span class='ocrx_word' id='word_1_186' title='bbox 1266 3219 1299 3284; x_wconf 89' lang='lat' dir='ltr'>ei</span> <span class='ocrx_word' id='word_1_187' title='bbox 1332 3217 1512 3284; x_wconf 85' lang='lat' dir='ltr'>interdixe-</span> 
     </span>
    </p>

    <p class='ocr_par' dir='ltr' id='par_1_7' title="bbox 457 3329 547 3388">
     <span class='ocr_line' id='line_1_24' title="bbox 457 3329 547 3388; baseline 0 0"><span class='ocrx_word' id='word_1_188' title='bbox 457 3329 547 3388; x_wconf 86' lang='lat' dir='ltr'>runt.</span> 
     </span>
    </p>
   </div>
   <div class='ocr_carea' id='block_1_6' title="bbox 287 3422 1510 3540">
    <p class='ocr_par' dir='ltr' id='par_1_8' title="bbox 287 3422 1510 3540">
     <span class='ocr_line' id='line_1_25' title="bbox 287 3422 1510 3540; baseline 0.002 -52"><span class='ocrx_word' id='word_1_189' title='bbox 287 3422 350 3540; x_wconf 42' lang='lat' dir='ltr'>{¹11²ss</span> <span class='ocrx_word' id='word_1_190' title='bbox 351 3423 441 3540; x_wconf 51' lang='grc' dir='ltr'>ἓξὲξ</span> <span class='ocrx_word' id='word_1_191' title='bbox 507 3427 589 3508; x_wconf 74' lang='lat' dir='ltr'>Quae</span> <span class='ocrx_word' id='word_1_192' title='bbox 612 3427 647 3491; x_wconf 92' lang='lat' dir='ltr'>in</span> <span class='ocrx_word' id='word_1_193' title='bbox 672 3427 819 3493; x_wconf 83' lang='lat' dir='ltr'>Concilio</span> <span class='ocrx_word' id='word_1_194' title='bbox 840 3433 935 3513; x_wconf 87' lang='lat' dir='ltr'>gesta</span> <span class='ocrx_word' id='word_1_195' title='bbox 957 3427 1094 3492; x_wconf 86' lang='lat' dir='ltr'>fuerunt</span> <span class='ocrx_word' id='word_1_196' title='bbox 1117 3428 1199 3492; x_wconf 84' lang='lat' dir='ltr'>satis</span> <span class='ocrx_word' id='word_1_197' title='bbox 1231 3426 1510 3513; x_wconf 87' lang='lat' dir='ltr'>supersedendum</span> 
     </span>
    </p>
   </div>
   <div class='ocr_carea' id='block_1_7' title="bbox 287 3529 1513 4051">
    <p class='ocr_par' dir='ltr' id='par_1_9' title="bbox 288 3529 1513 3801">
     <span class='ocr_line' id='line_1_26' title="bbox 288 3529 1513 3619; baseline -0.002 -23"><span class='ocrx_word' id='word_1_198' title='bbox 288 3572 329 3619; x_wconf 81' lang='lat' dir='ltr'>up,</span> <span class='ocrx_word' id='word_1_199' title='bbox 458 3530 607 3598; x_wconf 88' lang='lat' dir='ltr'>arbitror.</span> <span class='ocrx_word' id='word_1_200' title='bbox 654 3529 727 3609; x_wconf 78' lang='lat' dir='ltr'>Quo</span> <span class='ocrx_word' id='word_1_201' title='bbox 750 3535 825 3615; x_wconf 88' lang='lat' dir='ltr'>post</span> <span class='ocrx_word' id='word_1_202' title='bbox 846 3529 915 3595; x_wconf 88' lang='lat' dir='ltr'>dics</span> <span class='ocrx_word' id='word_1_203' title='bbox 938 3536 1012 3596; x_wconf 91' lang='lat' dir='ltr'>octo</span> <span class='ocrx_word' id='word_1_204' title='bbox 1035 3531 1150 3606; x_wconf 89' lang='lat' dir='ltr'>soluto,</span> <span class='ocrx_word' id='word_1_205' title='bbox 1174 3530 1300 3596; x_wconf 86' lang='lat' dir='ltr'>caeteris</span> <span class='ocrx_word' id='word_1_206' title='bbox 1315 3529 1357 3595; x_wconf 89' lang='lat' dir='ltr'>ad</span> <span class='ocrx_word' id='word_1_207' title='bbox 1381 3551 1441 3594; x_wconf 85' lang='lat' dir='ltr'>sua</span> <span class='ocrx_word' id='word_1_208' title='bbox 1462 3551 1513 3594; x_wconf 90' lang='lat' dir='ltr'>re-</span> 
     </span>
     <span class='ocr_line' id='line_1_27' title="bbox 458 3631 1510 3719; baseline -0.003 -20"><span class='ocrx_word' id='word_1_209' title='bbox 458 3633 674 3708; x_wconf 87' lang='lat' dir='ltr'>vertentibus,</span> <span class='ocrx_word' id='word_1_210' title='bbox 712 3631 865 3696; x_wconf 91' lang='lat' dir='ltr'>dominus</span> <span class='ocrx_word' id='word_1_211' title='bbox 903 3653 998 3719; x_wconf 86' lang='lat' dir='ltr'>papa,</span> <span class='ocrx_word' id='word_1_212' title='bbox 1035 3631 1280 3718; x_wconf 86' lang='lat' dir='ltr'>aliquantulum</span> <span class='ocrx_word' id='word_1_213' title='bbox 1314 3631 1510 3710; x_wconf 85' lang='lat' dir='ltr'>infirmatus,</span> 
     </span>
     <span class='ocr_line' id='line_1_28' title="bbox 458 3733 974 3801; baseline -0.006 0"><span class='ocrx_word' id='word_1_214' title='bbox 458 3735 573 3801; x_wconf 90' lang='lat' dir='ltr'>diebus</span> <span class='ocrx_word' id='word_1_215' title='bbox 597 3757 652 3798; x_wconf 89' lang='lat' dir='ltr'>xv.</span> <span class='ocrx_word' id='word_1_216' title='bbox 676 3733 786 3799; x_wconf 86' lang='lat' dir='ltr'>Remis</span> <span class='ocrx_word' id='word_1_217' title='bbox 809 3734 974 3798; x_wconf 89' lang='lat' dir='ltr'>remansit.</span> 
     </span>
    </p>

    <p class='ocr_par' dir='ltr' id='par_1_10' title="bbox 289 3835 1510 3923">
     <span class='ocr_line' id='line_1_29' title="bbox 289 3835 1510 3923; baseline -0.002 -21"><span class='ocrx_word' id='word_1_218' title='bbox 289 3853 406 3903; x_wconf 59' lang='lat' dir='ltr'>Thebis</span> <span class='ocrx_word' id='word_1_219' title='bbox 503 3837 692 3904; x_wconf 79' lang='lat' dir='ltr'>Redeuntes</span> <span class='ocrx_word' id='word_1_220' title='bbox 715 3835 860 3923; x_wconf 86' lang='lat' dir='ltr'>episcopi</span> <span class='ocrx_word' id='word_1_221' title='bbox 891 3835 1010 3902; x_wconf 84' lang='lat' dir='ltr'>suiad</span> <span class='ocrx_word' id='word_1_222' title='bbox 1041 3858 1151 3923; x_wconf 84' lang='lat' dir='ltr'>regem</span> <span class='ocrx_word' id='word_1_223' title='bbox 1185 3841 1344 3914; x_wconf 86' lang='lat' dir='ltr'>nostrum,</span> <span class='ocrx_word' id='word_1_224' title='bbox 1367 3836 1510 3922; x_wconf 74' lang='lat' dir='ltr'>qualiter</span> 
     </span>
    </p>

    <p class='ocr_par' dir='ltr' id='par_1_11' title="bbox 287 3919 1509 4051">
     <span class='ocr_line' id='line_1_30' title="bbox 287 3919 1509 4051; baseline -0.001 -45"><span class='ocrx_word' id='word_1_225' title='bbox 287 3919 407 4051; x_wconf 53' lang='lat' dir='ltr'>lfgffl</span> <span class='ocrx_word' id='word_1_226' title='bbox 420 3941 499 4035; x_wconf 80' lang='lat' dir='ltr'>osdc</span> <span class='ocrx_word' id='word_1_227' title='bbox 521 3940 764 4028; x_wconf 81' lang='lat' dir='ltr'>archiepiscopo</span> <span class='ocrx_word' id='word_1_228' title='bbox 786 3943 899 4005; x_wconf 86' lang='lat' dir='ltr'>nostro</span> <span class='ocrx_word' id='word_1_229' title='bbox 922 3943 1032 4004; x_wconf 87' lang='lat' dir='ltr'>actum</span> <span class='ocrx_word' id='word_1_230' title='bbox 1055 3939 1109 4017; x_wconf 91' lang='lat' dir='ltr'>sit,</span> <span class='ocrx_word' id='word_1_231' title='bbox 1132 3944 1167 4003; x_wconf 88' lang='lat' dir='ltr'>et</span> <span class='ocrx_word' id='word_1_232' title='bbox 1189 3939 1238 4004; x_wconf 92' lang='lat' dir='ltr'>illi</span> <span class='ocrx_word' id='word_1_233' title='bbox 1270 3939 1310 4004; x_wconf 87' lang='lat' dir='ltr'>dc</span> <span class='ocrx_word' id='word_1_234' title='bbox 1334 3938 1509 4005; x_wconf 80' lang='lat' dir='ltr'>Cantuan&#39;-</span> 
     </span>
    </p>
   </div>
   <div class='ocr_carea' id='block_1_8' title="bbox 288 4039 1509 4130">
    <p class='ocr_par' dir='ltr' id='par_1_12' title="bbox 288 4039 1509 4130">
     <span class='ocr_line' id='line_1_31' title="bbox 288 4039 1509 4130; baseline -0.001 -22"><span class='ocrx_word' id='word_1_235' title='bbox 288 4053 357 4102; x_wconf 78' lang='lat' dir='ltr'>what</span> <span class='ocrx_word' id='word_1_236' title='bbox 368 4053 431 4102; x_wconf 82' lang='lat' dir='ltr'>Tur·</span> <span class='ocrx_word' id='word_1_237' title='bbox 458 4045 528 4110; x_wconf 89' lang='lat' dir='ltr'>ensi</span> <span class='ocrx_word' id='word_1_238' title='bbox 558 4044 802 4130; x_wconf 86' lang='lat' dir='ltr'>archiepiscopo</span> <span class='ocrx_word' id='word_1_239' title='bbox 829 4045 1058 4107; x_wconf 81' lang='lat' dir='ltr'>narraverunt.</span> <span class='ocrx_word' id='word_1_240' title='bbox 1106 4039 1200 4106; x_wconf 87' lang='lat' dir='ltr'>Tunc</span> <span class='ocrx_word' id='word_1_241' title='bbox 1232 4061 1292 4106; x_wconf 84' lang='lat' dir='ltr'>rex</span> <span class='ocrx_word' id='word_1_242' title='bbox 1323 4041 1509 4127; x_wconf 87' lang='lat' dir='ltr'>aliquorum</span> 
     </span>
    </p>
   </div>
   <div class='ocr_carea' id='block_1_9' title="bbox 284 4119 1509 4235">
    <p class='ocr_par' dir='ltr' id='par_1_13' title="bbox 284 4119 1509 4235">
     <span class='ocr_line' id='line_1_32' title="bbox 284 4119 1509 4235; baseline -0.009 -13"><span class='ocrx_word' id='word_1_243' title='bbox 284 4119 395 4235; x_wconf 53' lang='lat' dir='ltr'>ffl⁸⁸</span> <span class='ocrx_word' id='word_1_244' title='bbox 457 4151 576 4216; x_wconf 87' lang='lat' dir='ltr'>callida</span> <span class='ocrx_word' id='word_1_245' title='bbox 598 4149 842 4215; x_wconf 88' lang='lat' dir='ltr'>machinatione</span> <span class='ocrx_word' id='word_1_246' title='bbox 864 4147 963 4213; x_wconf 89' lang='lat' dir='ltr'>fidam</span> <span class='ocrx_word' id='word_1_247' title='bbox 994 4146 1196 4234; x_wconf 83' lang='lat' dir='ltr'>spospondit,</span> <span class='ocrx_word' id='word_1_248' title='bbox 1219 4147 1273 4212; x_wconf 90' lang='lat' dir='ltr'>vel</span> <span class='ocrx_word' id='word_1_249' title='bbox 1295 4169 1330 4213; x_wconf 88' lang='lat' dir='ltr'>sc</span> <span class='ocrx_word' id='word_1_250' title='bbox 1352 4167 1509 4233; x_wconf 89' lang='lat' dir='ltr'>spospon-</span> 
     </span>
    </p>
   </div>
   <div class='ocr_carea' id='block_1_10' title="bbox 290 4253 1615 4342">
    <p class='ocr_par' dir='ltr' id='par_1_14' title="bbox 290 4253 1615 4342">
     <span class='ocr_line' id='line_1_33' title="bbox 290 4253 1615 4342; baseline -0.007 -16"><span class='ocrx_word' id='word_1_251' title='bbox 290 4277 377 4342; x_wconf 78' lang='lat' dir='ltr'>flcnry</span> <span class='ocrx_word' id='word_1_252' title='bbox 457 4257 542 4322; x_wconf 87' lang='lat' dir='ltr'>disse</span> <span class='ocrx_word' id='word_1_253' title='bbox 566 4256 662 4334; x_wconf 79' lang='lat' dir='ltr'>dixit,</span> <span class='ocrx_word' id='word_1_254' title='bbox 678 4254 766 4341; x_wconf 88' lang='lat' dir='ltr'>quod</span> <span class='ocrx_word' id='word_1_255' title='bbox 788 4254 825 4318; x_wconf 93' lang='lat' dir='ltr'>in</span> <span class='ocrx_word' id='word_1_256' title='bbox 840 4255 913 4319; x_wconf 85' lang='lat' dir='ltr'>vita</span> <span class='ocrx_word' id='word_1_257' title='bbox 934 4276 995 4320; x_wconf 89' lang='lat' dir='ltr'>sua</span> <span class='ocrx_word' id='word_1_258' title='bbox 1017 4253 1223 4339; x_wconf 85' lang='lat' dir='ltr'>T[urstinus]</span> <span class='ocrx_word' id='word_1_259' title='bbox 1246 4253 1508 4341; x_wconf 88' lang='lat' dir='ltr'>archiepiscopus</span> <span class='ocrx_word' id='word_1_260' title='bbox 1608 4315 1615 4324; x_wconf 80' lang='grc'><strong>,</strong></span> 
     </span>
    </p>
   </div>
   <div class='ocr_carea' id='block_1_11' title="bbox 288 4345 1507 4460">
    <p class='ocr_par' dir='ltr' id='par_1_15' title="bbox 288 4345 1507 4460">
     <span class='ocr_line' id='line_1_34' title="bbox 288 4345 1507 4460; baseline -0.003 -32"><span class='ocrx_word' id='word_1_261' title='bbox 288 4345 408 4460; x_wconf 53' lang='lat' dir='ltr'>fflffff</span> <span class='ocrx_word' id='word_1_262' title='bbox 457 4363 614 4450; x_wconf 85' lang='lat' dir='ltr'>Angliam</span> <span class='ocrx_word' id='word_1_263' title='bbox 637 4383 703 4428; x_wconf 92' lang='lat' dir='ltr'>non</span> <span class='ocrx_word' id='word_1_264' title='bbox 726 4361 960 4448; x_wconf 85' lang='lat' dir='ltr'>ingrederetur,</span> <span class='ocrx_word' id='word_1_265' title='bbox 976 4359 1004 4425; x_wconf 89' lang='lat' dir='ltr'>si</span> <span class='ocrx_word' id='word_1_266' title='bbox 1021 4357 1252 4426; x_wconf 81' lang='lat' dir='ltr'>Gantuaricnsi</span> <span class='ocrx_word' id='word_1_267' title='bbox 1274 4359 1507 4447; x_wconf 87' lang='lat' dir='ltr'>professionem</span> 
     </span>
    </p>
   </div>
   <div class='ocr_carea' id='block_1_12' title="bbox 284 4467 1507 4554">
    <p class='ocr_par' dir='ltr' id='par_1_16' title="bbox 284 4467 1507 4554">
     <span class='ocr_line' id='line_1_35' title="bbox 284 4467 1507 4554; baseline -0.001 -21"><span class='ocrx_word' id='word_1_268' title='bbox 284 4474 350 4524; x_wconf 76' lang='lat' dir='ltr'>from</span> <span class='ocrx_word' id='word_1_269' title='bbox 459 4491 526 4535; x_wconf 89' lang='lat' dir='ltr'>non</span> <span class='ocrx_word' id='word_1_270' title='bbox 548 4469 676 4535; x_wconf 85' lang='lat' dir='ltr'>faceret.</span> <span class='ocrx_word' id='word_1_271' title='bbox 724 4468 821 4548; x_wconf 79' lang='lat' dir='ltr'>Quod</span> <span class='ocrx_word' id='word_1_272' title='bbox 844 4467 977 4554; x_wconf 90' lang='lat' dir='ltr'>quidem</span> <span class='ocrx_word' id='word_1_273' title='bbox 1001 4471 1070 4533; x_wconf 80' lang='lat' dir='ltr'>tum</span> <span class='ocrx_word' id='word_1_274' title='bbox 1094 4467 1291 4553; x_wconf 86' lang='lat' dir='ltr'>prudentem</span> <span class='ocrx_word' id='word_1_275' title='bbox 1315 4467 1424 4532; x_wconf 88' lang='lat' dir='ltr'>virum</span> <span class='ocrx_word' id='word_1_276' title='bbox 1450 4489 1507 4532; x_wconf 86' lang='lat' dir='ltr'>ne·</span> 
     </span>
    </p>
   </div>
   <div class='ocr_carea' id='block_1_13' title="bbox 285 4543 1507 4675">
    <p class='ocr_par' dir='ltr' id='par_1_17' title="bbox 285 4543 1507 4675">
     <span class='ocr_line' id='line_1_36' title="bbox 285 4543 1507 4675; baseline -0.005 -34"><span class='ocrx_word' id='word_1_277' title='bbox 285 4543 430 4675; x_wconf 54' lang='lat' dir='ltr'>fflffi</span> <span class='ocrx_word' id='word_1_278' title='bbox 459 4593 623 4658; x_wconf 85' lang='lat' dir='ltr'>quaquam</span> <span class='ocrx_word' id='word_1_279' title='bbox 647 4571 760 4636; x_wconf 87' lang='lat' dir='ltr'>secisse</span> <span class='ocrx_word' id='word_1_280' title='bbox 782 4570 937 4636; x_wconf 88' lang='lat' dir='ltr'>credibile</span> <span class='ocrx_word' id='word_1_281' title='bbox 959 4573 1018 4648; x_wconf 89' lang='lat' dir='ltr'>est,</span> <span class='ocrx_word' id='word_1_282' title='bbox 1041 4569 1098 4635; x_wconf 86' lang='lat' dir='ltr'>sed</span> <span class='ocrx_word' id='word_1_283' title='bbox 1121 4569 1195 4636; x_wconf 86' lang='lat' dir='ltr'>ideo</span> <span class='ocrx_word' id='word_1_284' title='bbox 1217 4569 1341 4635; x_wconf 83' lang='lat' dir='ltr'>dixisse</span> <span class='ocrx_word' id='word_1_285' title='bbox 1363 4575 1398 4634; x_wconf 91' lang='lat' dir='ltr'>et</span> <span class='ocrx_word' id='word_1_286' title='bbox 1419 4569 1507 4636; x_wconf 83' lang='lat' dir='ltr'>credi</span> 
     </span>
    </p>
   </div>
   <div class='ocr_carea' id='block_1_14' title="bbox 458 4671 1508 4760">
    <p class='ocr_par' dir='ltr' id='par_1_18' title="bbox 458 4671 1508 4760">
     <span class='ocr_line' id='line_1_37' title="bbox 458 4671 1508 4760; baseline -0.003 -19"><span class='ocrx_word' id='word_1_287' title='bbox 458 4676 601 4741; x_wconf 87' lang='lat' dir='ltr'>voluisse</span> <span class='ocrx_word' id='word_1_288' title='bbox 623 4695 665 4739; x_wconf 88' lang='lat' dir='ltr'>ne</span> <span class='ocrx_word' id='word_1_289' title='bbox 687 4675 730 4740; x_wconf 87' lang='lat' dir='ltr'>ab</span> <span class='ocrx_word' id='word_1_290' title='bbox 752 4673 942 4759; x_wconf 87' lang='lat' dir='ltr'>Apostolico</span> <span class='ocrx_word' id='word_1_291' title='bbox 965 4694 1041 4738; x_wconf 88' lang='lat' dir='ltr'>eum</span> <span class='ocrx_word' id='word_1_292' title='bbox 1071 4672 1214 4760; x_wconf 86' lang='lat' dir='ltr'>recipere</span> <span class='ocrx_word' id='word_1_293' title='bbox 1237 4693 1312 4740; x_wconf 89' lang='lat' dir='ltr'>cum</span> <span class='ocrx_word' id='word_1_294' title='bbox 1344 4671 1421 4737; x_wconf 91' lang='lat' dir='ltr'>fidei</span> <span class='ocrx_word' id='word_1_295' title='bbox 1452 4671 1508 4738; x_wconf 79' lang='lat' dir='ltr'>lae-</span> 
     </span>
    </p>
   </div>
   <div class='ocr_carea' id='block_1_15' title="bbox 458 4815 519 4824">
    <p class='ocr_par' dir='ltr' id='par_1_19' title="bbox 458 4815 519 4824">
     <span class='ocr_line' id='line_1_38' title="bbox 458 4815 519 4824; baseline -0.016 0"><span class='ocrx_word' id='word_1_296' title='bbox 458 4815 519 4824; x_wconf 61' lang='lat'>1-—</span> 
     </span>
    </p>
   </div>
   <div class='ocr_carea' id='block_1_16' title="bbox 843 4869 1119 4938">
    <p class='ocr_par' dir='ltr' id='par_1_20' title="bbox 843 4869 1119 4938">
     <span class='ocr_line' id='line_1_39' title="bbox 843 4869 1119 4938; baseline 0.014 -18"><span class='ocrx_word' id='word_1_297' title='bbox 843 4872 850 4906; x_wconf 85' lang='lat'><strong>¹</strong></span> <span class='ocrx_word' id='word_1_298' title='bbox 868 4871 937 4938; x_wconf 81' lang='lat' dir='ltr'>odio]</span> <span class='ocrx_word' id='word_1_299' title='bbox 956 4869 1051 4934; x_wconf 89' lang='lat' dir='ltr'>odium,</span> <span class='ocrx_word' id='word_1_300' title='bbox 1063 4871 1119 4924; x_wconf 80' lang='lat' dir='ltr'>MS.</span> 
     </span>
    </p>
   </div>
   <div class='ocr_carea' id='block_1_17' title="bbox 0 0 1798 5802">
    <p class='ocr_par' dir='ltr' id='par_1_21' title="bbox 0 0 1798 5802">
     <span class='ocr_line' id='line_1_40' title="bbox 0 0 1798 5802; baseline 0 0"><span class='ocrx_word' id='word_1_301' title='bbox 0 0 1798 5802; x_wconf 95' lang='lat' dir='ltr'> </span> 
     </span>
    </p>
   </div>
  </div>
 </body>
</html>
