3606 5798
670 885 829 937 rucronn
851 885 1029 948 incuruo.
1298 873 1363 938 265

303 1067 306 1076 ’
358 1073 559 1161 Exemplum
581 1075 663 1140 vitun
685 1074 781 1140 nobis
803 1073 874 1141 haec
896 1073 985 1140 fecte
1007 1073 1162 1160 figurent,

402 1176 447 1241 Et
469 1176 557 1243 bona
579 1197 653 1262 quae
677 1176 772 1242 nobis
795 1175 865 1241 sint
886 1175 1050 1241 imitando
1072 1177 1176 1243 docet

358 1275 471 1363 Longe
493 1277 580 1342 foret
601 1277 701 1343 series
724 1277 872 1342 ecrietim
894 1281 1015 1342 cuncto
1037 1277 1165 1355 referre,

403 1377 576 1458 Quomodo
598 1378 799 1446 Thuretinus
821 1379 858 1442 in
880 1400 942 1446 sue
959 1378 1039 1464 juro
1060 1379 1157 1445 redit.

357 1478 409 1544 De
431 1479 547 1544 multis
570 1499 630 1566 ego
653 1501 758 1566 pauca
781 1479 918 1566 loquar3
940 1499 1016 1566 quoe
1038 1480 1140 1546 raedia
1163 1479 1252 1546 tollit
1301 1482 1363 1544 145

403 1580 586 1647 Verborum
610 1581 766 1659 brevitas,
788 1583 878 1648 curis
900 1582 1015 1660 amico,
1038 1575 1154 1668 placet.

358 1682 464 1748 Aureo
487 1683 609 1770 quippe
632 1681 717 1748 solet
738 1682 902 1749 offendere
924 1681 1103 1760 deliciosas,

403 1782 596 1852 Succinctus
618 1806 725 1850 sermo
748 1785 806 1872 qui
828 1786 991 1851 brevitate
1014 1790 1112 1852 curet.

314 1955 316 1958 .
357 1885 440 1972 Regi
464 1886 671 1954 Thurstenus
693 1888 806 1953 obstet
826 1887 936 1952 minus
958 1907 1054 1972 aequa
1071 1886 1214 1972 jubenti,

402 1987 502 2075 Regis
525 1985 568 2054 ob
590 1988 711 2055 hocin
733 2010 810 2054 eum
832 1988 992 2054 fulminat
1014 1989 1064 2054 ire
1085 1988 1206 2075 gravis,
1299 1992 1363 2055 150
1405 2055 1409 2064 ,

344 2088 573 2174 Persequitur
583 2089 722 2176 justum,
747 2090 814 2169 sed,
837 2089 956 2155 fornax
979 2095 1018 2156 ut
1041 2091 1161 2177 probat
1182 2111 1310 2168 eurum,
1376 2094 1520 2173 tturqtin’s

402 2190 517 2277 Ipsum
540 2214 600 2256 rex
622 2192 787 2279 reprobet,
809 2193 856 2258 sic
878 2191 997 2278 probet
1020 2211 1089 2257 esse
1111 2192 1259 2279 probum.
1376 2162 1520 2229 suffenngs.

358 2295 455 2361 Nam·
469 2318 529 2383 pro
546 2296 689 2382 justitia,
713 2295 803 2363 Petri
825 2317 885 2383 pro
904 2296 980 2382 jure
1002 2297 1100 2374 beati,

403 2397 537 2464 Gaudet
558 2399 767 2464 Thurstanue
790 2400 902 2465 omniu
925 2400 1009 2464 dure
1031 2399 1111 2486 peti.

358 2499 422 2566 Cui
445 2499 530 2565 citra
551 2521 647 2586 pcpae
670 2521 864 2566 consensum
886 2500 1118 2587 pontificatum
1300 2505 1363 2565 155

403 2601 501 2667 Forte
523 2602 615 2680 libet,
639 2602 749 2680 libuit,
772 2601 924 2686 linquere
946 2623 1014 2667 non
1036 2601 1141 2667 licuit.

358 2703 438 2796 Eeto
461 2704 549 2790 quod
572 2705 705 2770 incente
730 2704 829 2770 decus
851 2703 1063 2788 abjuraverat
1084 2703 1177 2780 illud,

402 2805 555 2872 Errorem
577 2810 665 2872 certe
687 2805 740 2871 fac
762 2825 916 2872 revocure
939 2803 1014 2870 fuit.

357 2905 420 2971 Jus
442 2912 494 2972 eet
517 2927 718 2994 expressum,
738 2907 796 2993 jue
818 2907 855 2971 in
877 2907 1011 2973 decretu
1032 2907 1214 2986 redactum,
1412 2957 1415 2964 .

403 3007 437 3073 Ie
459 3027 590 3094 quoquc
612 3009 702 3094 quod
723 3012 828 3096 neget
848 3008 1045 3094 insipienter
1066 3014 1153 3095 egat.
1298 3011 1364 3075 160

358 3109 454 3190 Quod
476 3109 559 3176 iecit
580 3115 712 3189 temere,
732 3131 802 3176 non
824 3115 917 3176 curet
939 3112 1018 3175 vote
1040 3115 1161 3186 tenere,

403 3210 485 3291 Quae
508 3211 594 3276 mule
616 3211 777 3296 promisit,
802 3231 869 3276 non
891 3210 1044 3277 faciende
1064 3210 1158 3278 sciat.

356 3311 411 3378 Sic
433 3311 517 3378 bene
540 3313 689 3378 mutavit
711 3313 913 3378 Thuretinus
935 3312 1024 3398 quod
1046 3312 1132 3378 mule
1154 3312 1260 3390 novit,

401 3413 509 3479 Juxta
530 3414 619 3494 quod
641 3414 727 3480 rctio
749 3419 1000 3500 praememorata
1017 3413 1123 3500 jubet.

357 3513 421 3582 Oui
444 3515 598 3581 dominus
620 3537 708 3604 popa
730 3516 850 3602 pendit
871 3537 930 3582 cur
953 3536 1041 3602 popa
1062 3521 1206 3594 vocetur,
1299 3518 1362 3582 165

403 3616 448 3681 Et
469 3617 549 3702 quia
570 3638 691 3682 nomen
713 3615 801 3682 idem
825 3617 872 3683 sic
894 3617 1022 3682 ratione
1045 3617 1169 3683 datum.

358 3717 447 3798 Quid
470 3719 534 3783 sibi
557 3718 634 3784 vult
655 3739 750 3804 pepe,
774 3718 856 3804 quid
879 3717 1009 3804 eyliobe
1031 3739 1075 3804 pe
1095 3718 1273 3804 geminata,

401 3818 446 3883 Et
468 3839 512 3906 pn
534 3819 642 3905 prima
663 3823 766 3906 peter,
790 3823 825 3884 et
846 3838 890 3905 pe
912 3819 1055 3884 secundi
1076 3825 1217 3906 petrum.
1310 3857 1312 3862 ·

359 3920 446 3986 (ium
468 3921 514 3986 sit
536 3920 732 4007 pontificum
756 3926 918 4006 petronus
940 3941 1028 4007 pape
1049 3921 1190 4006 piorum,

402 4023 480 4090 Non
502 4027 598 4110 pater
619 4028 671 4090 est
693 4027 837 4100 tentum,
860 4023 918 4088 sed
941 4027 1036 4108 peter
1057 4023 1113 4087 ille
1135 4023 1361 4109 petrum.170

356 4124 436 4190 Post
457 4129 510 4190 tot
531 4145 700 4210 pressurus
722 4123 904 4202 Thurstini‚
927 4129 1002 4208 post
1024 4127 1077 4190 tot
1097 4145 1227 4212 agones,
1375 4121 1497 4200 nuceria

399 4225 552 4312 Denique
575 4225 702 4312 papulis
724 4225 835 4311 gretia
855 4225 943 4291 favit
965 4225 1004 4290 ei.
1375 4204 1490 4308 med

355 4327 454 4394 Unde
477 4327 658 4414 relegatum
681 4325 848 4392 Peschclis
870 4346 958 4412 pape
978 4325 1121 4406 reduxit,
1374 4324 1503 4443 iffi&
1632 4400 1637 4412 .

401 4429 672 4495 Euoenrecravie
694 4447 781 4513 pepe
804 4426 957 4493 Culixtus
979 4449 1063 4493 eum.

356 4529 475 4597 Postea
504 4530 556 4596 bis
579 4529 674 4596 denis
696 4533 731 4594 et
753 4551 812 4594 sex
834 4529 931 4594 annis
954 4528 1109 4598 Eboracae
1298 4531 1361 4600 175
1481 4621 1485 4632 μ

401 4630 525 4698 Praesul
547 4631 724 4718 praeclarus
746 4629 881 4717 praefuit
903 4629 1053 4698 ecclesie.
