3530 5790
657 889 701 941 er
724 889 865 942 rnonss
888 888 1026 942 srunss.
1291 873 1357 940 393

309 1078 391 1144 dicti
433 1077 598 1157 Willelmi,
639 1083 706 1144 non
745 1079 872 1144 cutione
909 1078 1090 1164 personalis
1127 1075 1358 1154 inhabilitatis,

309 1181 409 1244 immo
432 1201 491 1268 pro
518 1179 614 1246 libito
637 1202 706 1246 sule
728 1180 920 1257 voluntatis,
934 1181 1095 1258 cassavit,
1119 1185 1154 1244 et
1182 1178 1358 1282 praefatum

310 1281 492 1350 Hemicum
524 1282 738 1348 Eboracensis
776 1282 920 1350 ecclesiae
952 1281 1233 1368 archiepiscopum
1272 1281 1359 1347 ordi-

308 1383 411 1449 navit.

354 1485 571 1553 Consecratus
608 1485 721 1572 itaque
760 1487 924 1553 Heurious
961 1487 1105 1552 cilicium
1152 1487 1243 1552 cerni
1290 1508 1359 1552 suso
1372 1484 1490 1605 affi-

1159 1677 1362 1685 ———--⁴-

311 1801 426 1866 bantur‚
455 1797 655 1855 incenderunt.
724 1798 812 1854 Fectu
841 1802 886 1854 est
915 1814 1001 1870 super
1031 1795 1085 1852 hoc
1116 1797 1233 1869 querela
1264 1815 1361 1852 corum

311 1889 480 1962 Apostolico
511 1888 588 1960 quod
612 1888 770 1961 plurimum
793 1875 908 1943 voluitl
934 1905 1015 1960 posse
1046 1904 1149 1941 manus
1181 1887 1212 1941 in
1239 1887 1362 1942 cundem

313 1969 653 2048 Willelmum'injicere
675 1984 706 2033 et
727 1977 836 2032 ulcisci.
879 2025 885 2036 .

359 2067 447 2122 Anno
483 2057 619 2124 Domini
658 2081 795 2132 nexuum,
829 2065 905 2122 idem
937 2065 1122 2138 Apostolicus
1155 2065 1302 2137 Eugenius
1335 2068 1365 2121 in

316 2158 421 2214 Galliis
448 2157 581 2212 Concilio
604 2157 761 2230 presidens
787 2146 942 2232 generali,
974 2147 1165 2212 electionem
1181 2147 1262 2212 dicti
1285 2147 1367 2211 Wil-

315 2237 415 2315 lelmi,
438 2258 505 2302 uon
537 2237 665 2301 rationo
699 2235 880 2324 personalis
917 2235 1139 2301 inhabilitatis
1174 2237 1276 2301 immo
1307 2258 1367 2323 pro

315 2326 412 2392 libito
435 2325 618 2392 voluntatis
633 2347 711 2403 suae,
733 2325 885 2402 cassavit,
909 2325 1082 2411 ipsumque
1105 2325 1308 2390 Willelmum
1332 2337 1369 2392 ab

316 2425 577 2497 archiepiscopatus
600 2423 692 2480 officio
717 2430 748 2480 ct
770 2423 908 2480 beneficio
931 2423 1123 2479 amovendum
1147 2425 1266 2480 censuit.
1313 2425 1368 2494 Qui

316 2515 404 2570 etiam
419 2513 529 2570 directa
544 2513 666 2586 epistola
686 2513 723 2568 ad
738 2503 935 2569 willelmum
959 2513 1183 2569 Duuelmensem
1203 2515 1369 2586 episcopum

317 2608 348 2660 et
368 2603 528 2676 capitulum
552 2603 730 2658 Eboracsnse
761 2603 837 2657 infra
860 2603 898 2656 xl.
921 2603 982 2657 dics
1004 2609 1129 2674 acceptae
1152 2603 1282 2674 epistolae
1307 2603 1370 2658 loco

318 2692 380 2764 ejus
402 2693 499 2748 virum
530 2692 689 2758 literatum,
712 2691 879 2756 discretum,
903 2692 1071 2762 religiosum
1094 2693 1202 2763 eligere
1232 2693 1368 2748 decrevit.

318 2783 498 2838 Willelmum
533 2783 641 2854 itaque,
673 2781 709 2836 de
741 2781 841 2838 Sicilia
863 2799 1020 2846 reversum,
1046 2781 1190 2836 chricus
1221 2783 1371 2854 episcopus

317 2871 528 2928 Wintouieusis
549 2871 588 2926 ad
609 2889 639 2926 se
662 2871 741 2936 tulit,
765 2871 848 2942 eique
878 2889 937 2924 non
962 2871 1019 2924 nisi
1043 2871 1123 2942 quasi
1154 2871 1369 2944 archiepiscopo

318 2961 522 3016 officiosissimo
545 2960 724 3016 cotidianum
746 2959 940 3014 ministerium
964 2960 1155 3030 praerogorit:
1180 2961 1230 3030 qui
1253 2961 1284 3014 in
1307 2967 1369 3016 toto

318 3056 448 3122 tompore
464 3049 676 3105 humiliationis
698 3067 758 3105 suoe
774 3067 832 3104 uon
849 3049 971 3120 protulit
994 3067 1134 3114 murmur,
1150 3061 1211 3106 nec
1225 3051 1367 3121 querimo-

318 3141 408 3206 niam,
425 3139 475 3196 sed
490 3139 576 3195 corde
594 3139 682 3194 tacito
698 3156 779 3194 mens
795 3138 850 3193 sibi
866 3138 980 3193 conscia
994 3139 1175 3194 conservavit
1189 3140 1369 3212 potientium.

269 3267 272 3274 »
318 3229 465 3285 Adversus
492 3229 611 3285 aemulos
641 3246 699 3284 non
720 3233 765 3283 est
791 3228 949 3292 oblocutus,
973 3227 1061 3282 immo
1088 3228 1125 3282 ob
1150 3229 1371 3300 obloquentibus

320 3319 449 3374 animum
472 3325 503 3374 et
525 3317 656 3373 auditum
680 3316 809 3382 divertit,
832 3306 965 3372 lectioni
988 3312 1023 3371 et
1045 3307 1186 3374 orationi
1209 3331 1337 3375 vacans

365 3409 461 3479 Igitur
483 3407 640 3462 secuudum
655 3405 816 3478 Apostolioi
839 3405 996 3472 decretum,
1021 3406 1051 3460 in
1074 3407 1209 3462 suburbio
1232 3407 1268 3463 de
1285 3409 1371 3464 Rich·

320 3497 422 3562 muud‚
446 3487 482 3552 in
505 3487 639 3553 ecclesia
669 3496 768 3551 Sancti
792 3496 923 3561 Martini,
948 3494 978 3549 in
1002 3495 1112 3566 vigilia
1137 3497 1236 3552 Sancti
1260 3498 1371 3565 Jacobi,

319 3591 517 3643 convenerunt
538 3585 661 3657 majores
682 3585 779 3641 clerici
800 3584 987 3640 Eboracensis
1009 3585 1136 3641 ecclesias
1159 3592 1190 3641 ct
1212 3586 1371 3654 dioecesios,

319 3677 356 3733 de
380 3677 520 3732 electione
551 3673 758 3746 archicpiscopi
789 3673 949 3730 tractaturi.
1010 3674 1113 3730 Noluit
1144 3676 1222 3729 enim
1252 3667 1373 3734 Willel·

201 3757 205 3766 '
320 3779 394 3822 mus
425 3765 575 3837 opiscopus
604 3753 837 3819 Dunelmensis
862 3763 971 3828 venire,
999 3763 1130 3835 sectoque
1160 3761 1211 3820 est
1233 3765 1373 3822 dissensio

322 3856 399 3912 inter
429 3873 485 3912 eos.
532 3854 675 3909 Robertus
697 3853 733 3908 dc
755 3853 883 3924 Negant,
914 3853 1102 3908 cancellarius
1132 3854 1209 3925 regis
1239 3861 1269 3910 et
1291 3855 1372 3912 ‹loca-

321 3963 387 4010 nus,
411 3949 441 4000 et
463 3943 551 4014 Hugo
578 3930 786 4008 Puteucensis‚²
807 3960 897 4014 nepos
922 3942 1000 4014 regis
1022 3947 1052 3998 et
1074 3943 1278 4010 thesaurarius,
1303 3963 1373 4016 quos

323 4025 503 4090 Willellnus
536 4031 768 4104 archiepiscopus
805 4037 989 4104 promoverat
1031 4031 1069 4087 ad
1102 4031 1225 4088 honores
1263 4035 1293 4088 in
1328 4053 1372 4090 ec-

322 4123 410 4179 clesia
440 4122 624 4188 Eboracensi,
648 4128 678 4178 et
709 4139 776 4193 purs
798 4139 994 4191 magnacum
1019 4121 1070 4186 eis,
1104 4129 1311 4178 consenserunt
1342 4124 1373 4178 in

323 4224 495 4290 personam
529 4213 662 4282 magistri
694 4211 813 4266 Hillorii
838 4211 935 4266 clerici
959 4211 1146 4282 Apostolioi.·
1195 4201 1375 4268 willelmus

323 4309 419 4358 autem
443 4301 593 4373 episcopus
616 4300 830 4366 Dunelmonsis,
854 4299 1039 4356 Adelwoldus
1062 4301 1213 4373 opiscopus
1244 4292 1374 4358 Karllo-

323 4382 432 4458 lensiS,
453 4391 620 4450 ¹Willolmus
642 4389 677 4445 de
700 4387 815 4460 A[u]go
837 4395 938 4444 cantor
961 4390 1158 4456 Eboracensis,
1182 4397 1213 4446 et
1234 4389 1375 4447 archidia-

325 4482 401 4547 coni,
420 4485 451 4536 et
472 4498 539 4553 pars
560 4479 675 4536 residua
699 4497 765 4535 cum
788 4479 829 4533 eis
853 4478 1013 4534 Henricum
1036 4479 1162 4534 Murdnk
1183 4481 1316 4538 abbatem
1340 4481 1376 4538 ile

325 4570 467 4627 Fontibus
498 4569 697 4646 praetulerunt
730 4568 761 4624 in
794 4567 978 4624 electionem.
1012 4568 1131 4624 ¹Iiitem
1162 4570 1237 4626 hanc
1260 4571 1378 4627 diremit

348 4731 355 4736 .
366 4730 467 4736 .-—-.
486 4730 570 4736 ------
585 4729 885 4736 --.---—---——-.

364 4815 371 4850 ¹
387 4817 492 4884 plurim
505 4815 598 4876 volunt,
611 4817 641 4866 B.
843 4813 848 4878 Ι
912 4814 923 4847 ²
940 4813 1106 4880 Pictuvcusis,
1119 4819 1151 4868 G.
