3582 5798
448 894 489 957 52
721 909 902 961 limacum
924 907 1046 962 ssucrr
1070 909 1225 962 oswium

445 1095 589 1161 tratione
605 1097 810 1164 saecularium
825 1099 1042 1187 negotiorum,
1059 1096 1291 1166 Eadwaecher¹
1307 1096 1496 1164 vocabatur.

275 1191 546 1309 ffl'ssffl‘flunss
583 1199 687 1286 igitur
719 1221 791 1266 cum
827 1203 999 1268 nominata
1032 1203 1141 1288 passio
1180 1202 1220 1268 de
1252 1201 1306 1266 die
1337 1201 1375 1265 in
1408 1199 1495 1264 diem

275 1323 381 1375 himself
391 1277 426 1376 {n
445 1300 550 1386 magis
572 1322 611 1368 ac
632 1303 737 1389 magis
760 1306 932 1390 crescendo
947 1304 1117 1382 cruciaret,
1131 1325 1192 1370 nec
1201 1305 1274 1392 jam
1295 1302 1496 1370 consortium

277 1393 376 1507 elenau
444 1400 585 1468 fratrum
610 1405 735 1491 pudore
759 1407 858 1471 simul
888 1429 927 1474 ae
950 1407 1065 1472 vultus
1088 1408 1222 1473 horrore
1245 1405 1389 1472 suffusus
1412 1403 1496 1468 ferre

276 1472 339 1508 ΜΠ
361 1475 430 1512 near.
443 1505 577 1584 valeret,
600 1507 636 1572 in
652 1509 820 1594 quandam
853 1509 1041 1596 parvulam²
1063 1509 1205 1574 insulam
1238 1529 1339 1596 prope
1363 1527 1493 1572 monas-

442 1609 564 1674 terium
579 1609 679 1677 sitam
695 1612 851 1678 obediens
874 1612 989 1678 abbati
1014 1618 1049 1677 et
1071 1612 1229 1678 iratribus
1251 1633 1321 1677 sese
1344 1609 1495 1686 contulit,

442 1709 554 1797 ibique
585 1713 706 1800 degens
729 1714 792 1778 Dei
816 1713 971 1801 obsequio
1002 1735 1061 1802 pro
1084 1713 1335 1800 posse-sedulus
1358 1712 1492 1788 institit,

443 1812 641 1880 Mittebatur·
679 1815 730 1880 illi
764 1816 904 1902 singulis
938 1817 1055 1882 diebus
1085 1839 1106 1884 a
1143 1814 1343 1882 monastario
1384 1815 1493 1879 vietus

443 1917 666 2001 quotidianus,
698 1919 786 1984 unde
821 1941 855 1984 se
877 1926 912 1984 et
934 1921 1124 1986 ministrum
1151 1941 1249 1984 suum
1284 1923 1493 1984 sustentaret.

360 2060 384 2116 '‚
442 2016 526 2084 Haeo
556 2020 644 2084 inter
680 2020 819 2106 prmfata
849 2021 1029 2086 solennitas
1061 2020 1158 2086 Beati
1189 2019 1337 2086 Oswaldi
1371 2019 1493 2096 aderat

299 2105 333 2139 Ν
387 2107 399 2140 ⁵
441 2125 476 2186 et
498 2121 554 2186 ille
578 2143 637 2186 suo
659 2122 812 2188 ministro
835 2123 1019 2202 comitatus,
1043 2125 1279 2189 monasterium
1294 2121 1389 2201 adiit,
1410 2121 1494 2186 illic-

331 2239 360 2272 er
442 2245 505 2309 que
530 2224 567 2288 in
581 2230 705 2290 secreto
729 2223 872 2291 ecclesiae
894 2225 965 2292 loco
991 2225 1172 2292 consistens
1195 2225 1261 2290 diei
1284 2223 1390 2290 officio
1405 2224 1493 2310 quod

304 2305 329 2337 ¹¹²
384 2393 390 2407 ,
440 2325 542 2390 fiebat
565 2331 600 2392 et
622 2325 826 2393 orationibus
849 2327 1052 2394 intendebat
1100 2325 1221 2392 Oaetsri
1248 2325 1366 2391 fratres
1397 2325 1492 2390 illum

438 2433 636 2514 praesentem
675 2451 745 2494 esse
782 2429 924 2496 scientes
954 2450 994 2495 ac
1031 2429 1167 2494 silenter
1205 2449 1275 2494 sese
1313 2427 1490 2494 habentem

439 2531 685 2617 conspicientes,
716 2531 939 2598 misericordia
961 2532 1043 2596 moti
1074 2530 1265 2616 supplicant
1287 2517 1367 2608 Deo,
1401 2530 1490 2616 quis·

437 2655 502 2719 que
532 2634 620 2720 apud
648 2656 691 2712 se,
716 2655 781 2719 quo
805 2633 875 2699 Sua
906 2633 995 2698 dulci
1025 2633 1135 2719 gratia
1166 2632 1323 2719 dignetur
1353 2631 1385 2698 ei
1415 2633 1491 2698 sub·

436 2737 557 2802 venire.
620 2735 762 2822 Expleto
784 2742 896 2802 autem
929 2735 1069 2801 sollenni
1091 2733 1197 2800 officio
1220 2733 1339 2813 Missae,
1366 2734 1493 2812 flames,

436 2845 647 2926 agnoscentes
671 2861 756 2920 eum,
773 2841 809 2904 in
823 2838 967 2904 insulam
989 2858 1134 2904 remeare
1149 2837 1317 2904 volentem
1332 2837 1490 2916 detinent,

435 2963 474 3008 ac
496 2964 605 3009 seeum
640 2943 699 3008 illa
720 2943 775 3009 die
805 2942 1002 3008 familiarius
1033 2941 1205 3028 indulgere
1237 2940 1352 3027 quieti,
1375 2940 1487 3007 dilecti

437 3067 567 3130 quoque
600 3066 639 3111 ac
673 3045 855 3111 dulcissimi
877 3041 1011 3110 fratris³
1044 3044 1133 3110 inter
1166 3065 1201 3108 se
1223 3065 1347 3108 morem
1377 3063 1489 3129 gerere

437 3152 581 3226 movent,
603 3151 788 3233 precentur,
811 3152 846 3212 et
868 3146 1032 3212 obnitenti
1063 3145 1133 3210 vim
1156 3144 1279 3210 inferre
1302 3165 1370 3210 non
1393 3145 1489 3209 dubi-

268 3260 422 3339 Themopks
435 3254 518 3314 tant.
566 3250 671 3330 Quem
703 3249 781 3316 licet
811 3249 1008 3316 obscoenitas
1031 3247 1146 3312 vultus
1177 3247 1347 3314 decentius
1377 3267 1487 3314 secum

267 3328 407 3446 ffijffi
435 3353 593 3448 privatim
631 3353 749 3439 degere
779 3373 873 3439 posse
905 3351 1067 3429 suaderet,
1090 3351 1174 3417 vicit
1203 3355 1317 3416 tamen
1349 3350 1488 3416 caritate

265 3461 400 3514 therefee-
435 3456 587 3522 coniecta
608 3477 742 3522 auorum
766 3455 907 3521 fratrum
930 3455 1093 3521 uoluntas
1141 3453 1225 3518 Inde
1249 3453 1286 3517 in
1307 3451 1490 3539 hospitium

265 3533 329 3592 ‘⁰¹5'
434 3559 534 3624 ducto
556 3557 674 3623 iratres
689 3558 874 3636 considunt,
889 3559 968 3622 laeta
990 3557 1142 3642 quaedam
1164 3554 1331 3642 permixta
1351 3576 1489 3620 moerore

434 3661 486 3726 uti
508 3661 665 3746 temporis
698 3661 850 3746 qualitas,
873 3661 925 3725 uti
956 3659 1068 3724 fratris
1101 3679 1172 3724 esso
1202 3657 1336 3734 ferebat,
1368 3658 1413 3723 ad
1436 3657 1488 3722 in·

433 3765 540 3832 vicem
563 3765 666 3831 verba
688 3762 855 3831 serentes.⁴
899 3763 979 3828 Post
1001 3783 1076 3847 quse
1099 3759 1280 3826 refecturus
1302 3781 1378 3827 cum
1404 3759 1488 3838 aliis,

433 3868 643 3935 refectorium
685 3867 866 3945 inducitur,
896 3871 932 3930 et
965 3865 996 3930 ei
1030 3865 1101 3931 loco
1133 3865 1300 3930 secretiori
1332 3865 1487 3951 quemad-

432 3971 567 4037 modum
597 3970 683 4037 ratio
706 3951 868 4036 suadebat
890 3967 1045 4054 diligenti
1067 3987 1147 4033 cura
1168 3966 1321 4031 servitur.
1368 3966 1486 4032 Serva-

432 4073 531 4140 batur
553 4074 589 4139 in
612 4073 746 4140 ecclesia
768 4073 841 4158 ipsa
864 4067 1032 4156 scyphus,⁵
1053 4089 1119 4154 quo
1142 4089 1232 4135 sacer
1254 4068 1395 4134 antistes
1416 4069 1485 4155 glo·

328 4187 337 4206 ·
431 4177 545 4254 riosus,
567 4175 724 4242 videlicet
737 4177 833 4260 pater
854 4177 889 4238 et
910 4175 1024 4258 pastor
1047 4168 1230 4247 Oswaldus,
1253 4170 1366 4236 bibere
1388 4192 1484 4234 usum

431 4277 600 4343 habuerat.
661 4277 735 4342 Hoc
757 4295 836 4341 vase
867 4275 903 4338 in
937 4273 1021 4339 sesto
1055 4272 1252 4338 nobilissimi
1283 4272 1389 4358 patris
1411 4276 1486 4358 post

430 4379 641 4445 refectionem
679 4378 857 4463 praemissa,
902 4397 998 4462 prece
1035 4379 1153 4461 potum
1194 4373 1345 4439 libabant
1375 4367 1487 4439 onmes

429 4481 556 4561 fratres,
581 4481 637 4566 pie
658 4480 794 4566 Deoquo
816 4484 950 4565 accepta
964 4477 1178 4564 simplicitate
1193 4477 1229 4540 in
1244 4477 1310 4542 fide
1333 4480 1484 4542 tenentes

463 4684 471 4718 ¹
489 4681 676 4748 Eodwaeclrer]
709 4683 857 4741 Eaduuker‚
879 4682 930 4740 A.;
1010 4682 1021 4714 ³
1031 4680 1144 4746 fratris]
1165 4659 1265 4740 babes,
1276 4680 1309 4730 B.

428 4763 590 4822 Esduacher,
601 4762 631 4813 B.
1010 4761 1020 4792 ⁴
1037 4759 1158 4824 secures]
1178 4759 1297 4820 terentes,
1309 4760 1333 4810 B

461 4843 472 4876 ²
485 4840 632 4908 porculam]
653 4856 764 4905 parvam,
776 4841 807 4892 Β.
1009 4839 1019 4871 ⁵
1037 4839 1158 4906 scyphus]
1179 4839 1264 4901 soiius,
1276 4839 1311 4891 Α.
1323 4839 1353 4890 B.
