3586 5802
447 846 512 908 150
588 857 738 908 HISTORY
761 857 805 907 OF
828 859 922 909 FOUR
943 856 1182 908 ABGHBISHOPS
1204 859 1248 907 OF
1271 857 1367 907 YORK

276 1053 380 1106 russin
447 1050 649 1116 traditurum
671 1049 889 1137 praemunitus
912 1055 991 1116 erat.
1037 1049 1222 1116 Revoeatus
1244 1054 1356 1115 noster
1378 1051 1422 1116 ed
1443 1071 1503 1116 nos

275 1127 414 1238 'Yessssffm
448 1153 640 1239 regreditur,
663 1157 796 1218 etcum
826 1152 948 1238 gaudio
981 1173 1101 1238 magno
1126 1152 1314 1238 suscipitur,
1337 1157 1373 1217 et
1396 1153 1502 1219 multo

448 1255 607 1341 ampliore
630 1275 730 1340 quam
753 1254 845 1340 prius
861 1254 984 1320 honore
1007 1259 1041 1320 et
1063 1255 1251 1320 reverentie
1273 1255 1393 1341 dignus
1411 1254 1504 1340 judi·

447 1363 548 1424 catur.

278 1479 363 1528 Deam
376 1477 405 1527 of
493 1461 636 1526 Evoluto
668 1460 796 1546 aliquot
818 1459 981 1524 mensium
1004 1460 1133 1538 circulo,
1149 1466 1184 1526 et
1198 1459 1374 1548 Radulpho
1397 1460 1504 1526 archi·

279 1543 435 1675 fffllllgj
449 1565 599 1650 episcopo
615 1585 658 1628 ex
673 1563 838 1628 industria
853 1567 1001 1628 morante
1016 1585 1058 1628 ne
1074 1569 1237 1650 praecepto
1252 1586 1348 1650 papae
1363 1563 1504 1630 electum

278 1677 404 1754 endelec—
448 1671 598 1732 nostrum
629 1670 838 1742 consecraret,
862 1665 957 1730 venit
986 1665 1029 1729 ad
1060 1687 1120 1730 nos
1150 1666 1208 1752 qui
1231 1666 1354 1731 diceret
1382 1685 1504 1752 papam

278 1743 435 1862 2223,le
449 1763 668 1852 P[aschalem]
685 1765 811 1843 obiisse,
828 1771 863 1830 et
877 1766 899 1830 J
901 1765 1063 1831 ohannem
1079 1767 1317 1845 cancellarium,
1332 1767 1369 1831 in
1384 1789 1505 1854 papam

449 1869 617 1934 Gelasium
651 1873 807 1945 creatum,
825 1868 896 1953 jem
928 1868 965 1931 in
1000 1868 1142 1934 Galliam
1175 1870 1373 1955 pervenisse.
1431 1869 1505 1950 Quo

448 1971 572 2048 audito,
596 1969 719 2036 electus
741 1974 853 2035 noster
876 1975 911 2034 et
932 1991 992 2035 nos
1015 1991 1129 2034 omnes
1151 1970 1192 2035 de
1215 1976 1285 2036 tam
1308 1971 1395 2036 bono
1410 1976 1506 2057 patre

449 2079 484 2138 et
511 2073 604 2157 justo
638 2076 777 2158 patrono
808 2072 956 2158 graviter
987 2073 1023 2136 in
1050 2073 1126 2157 jure
1153 2073 1286 2158 quidem
1317 2073 1507 2139 contristati

449 2196 571 2252 sumus,
594 2175 652 2239 sed
683 2175 724 2238 dc
757 2195 844 2239 novo
878 2197 968 2260 spem
1003 2176 1123 2240 bonam
1157 2181 1192 2240 et
1214 2175 1448 2242 confidentiam
1470 2177 1507 2240 in

279 2288 401 2338 Theseu
450 2277 522 2344 Deo
553 2277 762 2342 habebamus.
809 2277 885 2364 Ipse
919 2278 1008 2343 enim
1038 2299 1171 2343 causam
1194 2284 1340 2344 nostram
1363 2277 1507 2344 multum

280 2369 402 2470 ξξξξξω
446 2380 583 2466 juverat
629 2379 827 2444 adversariis
864 2379 987 2445 nostris
1025 2381 1237 2446 adversatus:
1258 2379 1390 2445 ‘multis
1428 2403 1507 2447 vero

280 2487 393 2538 Turscn.
451 2481 608 2548 credibile
642 2488 714 2548 erat
746 2484 835 2568 quod
857 2483 1084 2570 R[edulphus]
1109 2483 1372 2570 archiepiscopus
1398 2489 1432 2549 et
1455 2485 1508 2549 sui

451 2606 512 2650 nec
543 2585 639 2649 illurn
671 2584 849 2650 doluerunt
882 2585 1064 2663 decessisse,
1087 2607 1149 2652 nec
1170 2587 1273 2651 istum
1300 2586 1406 2652 luetati
1428 2592 1509 2652 sunt

452 2686 649 2752 successisse.

283 2796 387 2849 Turstin
403 2813 442 2848 re·
500 2787 690 2854 Secundum
720 2807 830 2852 rerum
866 2789 1067 2855 mutationes
1105 2795 1140 2855 et
1176 2791 1313 2856 consilia
1351 2792 1507 2876 [mutare]

282 2866 404 2981 ζῗζζξξζζ
455 2893 593 2975 oportet.
639 2887 859 2954 Gonsiliatum
889 2894 941 2954 est
963 2890 1066 2956 electo
1088 2896 1201 2956 nostro
1224 2893 1454 2958 transmarinis
1476 2899 1510 2959 et

282 3013 338 3046 new
352 3013 423 3063 pope.
456 2992 547 3068 citra,
583 2993 617 3054 et
650 2990 715 3054 sibi
749 2990 883 3076 quidem
916 2991 979 3056 hoc
1009 2992 1217 3077 potissimum
1251 2993 1435 3072 videbatur,
1474 2995 1510 3058 in

284 3065 434 3180 {effic}
456 3093 724 3177 Normannia[m]
758 3092 893 3178 regredi,
916 3092 1035 3158 deinde
1070 3099 1104 3158 et
1136 3115 1262 3159 novum
1293 3115 1414 3182 papam
1437 3101 1510 3161 ten-

456 3195 539 3260 dere.
587 3195 627 3258 Id
659 3196 792 3279 quidem
819 3195 944 3261 occulte
967 3195 1038 3261 fieri
1061 3197 1205 3263 decebat.
1253 3197 1429 3284 Comperto
1452 3221 1510 3264 rex

454 3295 593 3362 forsitan
615 3296 788 3362 inhiberet.
835 3296 980 3362 Consilio
1017 3299 1130 3382 paucis
1153 3299 1307 3378 revelato,
1330 3323 1406 3366 cum
1436 3302 1511 3366 lite-

456 3398 501 3462 ris
532 3395 654 3462 nostn's
685 3402 719 3462 et
753 3419 834 3482 quos
857 3397 966 3485 elegit,
988 3400 1083 3484 qussi
1105 3407 1241 3486 propter
1262 3403 1329 3468 alia
1350 3403 1511 3483 facienda,

288 3508 369 3558 suns
379 3507 445 3557 from
458 3500 663 3566 Londoniam
700 3501 802 3564 venit
864 3499 918 3564 Ibi
956 3501 1118 3566 divisione
1155 3503 1252 3582 facta,
1289 3507 1361 3592 ipse
1399 3509 1512 3575 viliter

285 3573 413 3706 ffi'sssn
459 3603 605 3680 indutus,
637 3607 671 3666 et
708 3602 861 3687 equitans
898 3623 966 3666 non
1003 3607 1245 3689 cognoscendus
1279 3607 1379 3672 cum1
1417 3617 1512 3697 parte

286 3696 591 3770 anderoueflsuorum
622 3704 873 3782 Dorovemium‚
896 3725 995 3790 quam
1032 3705 1098 3771 cito
1131 3709 1243 3792 potuit
1275 3711 1512 3780 transfretavit

287 3774 330 3824 the
341 3787 391 3824 sec.

458 3805 590 3891 Reliqui
624 3805 713 3891 apud
746 3803 927 3890 Hestingas
959 3805 1170 3874 transierunt.
1216 3809 1307 3875 Deus
1330 3819 1443 3879 autem
1466 3818 1513 3883 sic

457 3907 620 3994 disposuit
642 3907 730 3992 quod
753 3907 810 3990 qui
841 3907 939 3992 primi
962 3908 998 3971 in
1022 3909 1262 3976 Normanniam
1285 3916 1446 3996 venirent,
1469 3920 1512 3984 ad

456 4008 564 4074 locum
602 4009 811 4094 designatum
844 4011 1028 4094 exspectari
1055 4011 1149 4097 jussi,
1173 4035 1241 4079 non
1263 4017 1407 4103 amplius
1445 4043 1513 4087 una

456 4116 552 4176 nocte
575 4114 802 4195 exspectantes
825 4110 964 4176 adunati
987 4119 1073 4178 sunt.
1120 4114 1200 4180 Fuit
1223 4117 1280 4202 qui
1303 4121 1373 4206 regi
1389 4121 1512 4189 diceret

458 4210 695 4276 Eboracensem
732 4211 872 4276 electum
911 4213 1034 4299 Anglia
1071 4215 1215 4283 latenter
1249 4241 1415 4306 egressum
1453 4247 1512 4310 per

459 4317 588 4376 exteras
610 4314 758 4398 regiones
780 4314 823 4378 ad
853 4335 973 4400 papam
1000 4319 1190 4402 perrexisse,
1214 4323 1271 4387 sed
1293 4345 1354 4388 rex
1376 4327 1513 4393 minime

460 4412 602 4488 credens,
624 4413 682 4478 illo
716 4420 791 4499 post
824 4417 988 4482 modicum
1022 4421 1065 4484 ad
1099 4443 1175 4485 eum
1209 4425 1373 4504 veniente,
1397 4449 1514 4494 verum

461 4535 528 4578 non
543 4512 724 4578 dubitabile
739 4515 865 4582 habuit.
908 4519 952 4583 Et
970 4521 1041 4604 jam
1057 4523 1192 4606 quidam
1209 4526 1388 4595 benevolus
1403 4537 1516 4598 noster

1144 4684 1236 4692 -—.—.-.
1241 4687 1263 4692 .-
1370 4691 1482 4698 ...-...-...

810 4757 819 4792 ²
836 4763 902 4829 eum]
923 4770 1003 4827 patre,
1016 4767 1063 4818 inc.
1075 4769 1133 4820 MS.
