3538 5800
652 891 812 941 succosa
835 890 1010 942 cannaco.
1304 880 1344 941 21

292 1082 464 1148 habebant
486 1087 582 1148 tanto
606 1105 648 1148 ex
670 1083 900 1148 munificentia
922 1083 1009 1170 regis
1032 1087 1066 1147 et
1088 1083 1228 1148 aliorum
1255 1083 1346 1167 prin·

293 1185 404 1270 cipum
435 1185 529 1272 regni
552 1184 700 1250 subsidio
723 1207 842 1262 rerum,
865 1189 905 1248 ut
928 1184 1196 1250 cohabitantibus
1220 1183 1347 1249 suffice-

293 1293 344 1352 ret
366 1289 409 1352 ad
432 1289 560 1354 victum
583 1293 685 1375 atque
708 1290 876 1354 vestitum.
923 1286 1244 1354 Wincelcumbensi1
1267 1309 1345 1352 vero

293 1391 501 1468 monasterio,
525 1391 614 1476 quod
638 1391 679 1456 de
714 1396 842 1476 septem
865 1413 972 1454 unum
1004 1395 1085 1468 erat,
1107 1411 1346 1476 supra-memo·

292 1499 403 1558 ratum
427 1493 630 1558 Germanum
653 1495 689 1557 in
712 1493 867 1558 abbatem
887 1494 1089 1573 ·ordinavit;
1113 1499 1147 1558 et
1180 1493 1255 1558 aliis
1278 1493 1345 1557 sin-

293 1596 380 1680 gulis
402 1596 550 1682 singulos
574 1596 610 1660 in
632 1596 791 1681 religione
814 1597 971 1682 probatos
997 1595 1134 1662 abbates
1156 1596 1346 1682 praeposuit.

293 1698 344 1763 De
383 1699 504 1783 quibua
542 1699 687 1784 quidam,
725 1696 924 1763 Folbertus²
961 1700 1104 1778 nomine,
1142 1699 1346 1764 Pcrscorenei
1359 1711 1447 1763 Abest

292 1799 445 1878 ecclesiae,
468 1821 542 1886 quae
565 1821 634 1864 una
655 1801 697 1864 de
720 1805 846 1884 sepiem
869 1800 1014 1865 abbatiis
1037 1806 1097 1878 est,
1119 1801 1156 1864 in
1191 1800 1347 1866 abbatem
1359 1778 1485 1895 ffl‘a'ssd

292 1901 450 1987 praelatus
488 1906 546 1978 est,
585 1901 639 1964 vir
676 1901 823 1966 moribus
860 1901 972 1986 gravis
1010 1907 1045 1966 et
1081 1901 1347 1967 ferventissimus
1359 1882 1457 1990 retains
1468 1919 1496 1964 to

293 2003 399 2070 cultor
430 2004 631 2070 monachicae
669 2003 901 2080 institutionis
925 2004 984 2068 sed
1014 2003 1052 2068 in
1073 2004 1233 2081 subditos,
1256 2006 1347 2090 quod
1359 1977 1410 2028 me.
1497 1995 1500 2001 ’

292 2105 389 2171 valde
427 2106 464 2170 in
499 2127 536 2171 eo
574 2104 885 2192 reprehendebatur,
928 2105 1042 2171 nimiae
1077 2111 1111 2170 et
1158 2106 1346 2172 indiscretae

292 2206 489 2272 severitatis.
540 2207 574 2272 Is
605 2206 649 2272 ad
681 2212 829 2272 extrema
860 2206 1047 2292 perductus,
1087 2212 1123 2272 et
1156 2208 1234 2274 huic
1265 2209 1346 2274 vitae

292 2306 497 2386 subductus,3
518 2313 619 2394 atque
642 2309 679 2372 in
700 2308 822 2374 feretro
853 2313 1059 2374 mortuorum
1091 2331 1180 2376 more
1211 2311 1346 2389 locatus,

292 2415 422 2497 recepto
446 2411 566 2498 spiritu
588 2411 835 2497 trepidantibus
859 2413 986 2477 cunctis
1010 2413 1117 2478 erexit
1150 2435 1193 2479 se.
1238 2413 1348 2499 Igitur

293 2513 499 2600 fugientibus
521 2513 604 2592 aliis,
628 2512 788 2598 praefatus
811 2513 995 2578 Germanus
1017 2515 1161 2592 accessit,
1178 2515 1347 2581 sciscitans

296 2637 361 2701 quo
382 2616 437 2681 vel
459 2637 480 2681 a
502 2637 567 2702 quo
590 2615 710 2682 ductus
734 2615 788 2693 sit,
811 2616 893 2702 quid
915 2617 1047 2694 viderit,
1063 2617 1143 2702 quid
1168 2616 1219 2680 illi
1242 2619 1347 2682 conti-

292 2719 388 2806 gerit,
411 2723 446 2784 et
479 2720 522 2784 ob
555 2718 636 2804 quid
670 2739 822 2783 reversus
856 2719 924 2783 sica
962 2717 1011 2783 At
1034 2718 1090 2784 ille
1122 2741 1157 2784 se
1191 2741 1212 2785 a
1243 2721 1347 2786 Beato
1360 2728 1464 2808 Folbqrt

296 2820 477 2886 Benedicto
499 2821 536 2884 in
550 2818 738 2886 visionem⁴
760 2819 824 2885 Dei
847 2820 1044 2905 perductum
1060 2820 1172 2899 fuisse,
1188 2827 1223 2888 et
1238 2823 1346 2888 Deum
1360 2797 1486 2912 ffiff

294 2945 355 2988 sua
376 2926 512 3009 peccata
534 2921 683 2986 meritisl
706 2922 873 2989 dilectoris
896 2922 957 2988 Sui
981 2922 1128 2988 Oswaldi
1151 2924 1215 2989 sibi
1238 2925 1347 2990 indul·
1360 2927 1411 2976 had
1421 2943 1481 2978 seen

297 3027 384 3102 sisse,
407 3030 510 3110 atque
533 3024 577 3090 ad
609 3023 830 3090 intimandam
864 3025 1076 3091 sanctitatem
1106 3026 1211 3112 ipsius
1241 3025 1346 3113 patris
1361 2995 1515 3112 {ffiffifd’

293 3151 328 3194 se
362 3129 523 3193 revixisse
555 3127 733 3213 respondit.
794 3127 921 3192 Rursus
956 3149 1109 3212 quaenam
1140 3129 1254 3206 forma,
1288 3131 1346 3215 qui

292 3230 435 3309 habitus,
460 3230 535 3315 quis
557 3229 663 3314 patris
686 3229 858 3293 Benedicti
881 3229 1056 3294 comitatus
1089 3231 1249 3310 extiterit,
1273 3253 1345 3317 per-

293 3338 468 3410 cunctatus
480 3357 488 3411 ;
510 3331 651 3396 formam
674 3330 745 3416 ejus
768 3330 858 3395 ultra
889 3329 1069 3396 humanam
1092 3333 1346 3400 aestimationem

293 3435 453 3510 decoram,
467 3432 622 3498 habitum
638 3454 842 3519 gemmarum
858 3433 965 3498 nitore
988 3433 1231 3521 praefulgidum,
1246 3437 1345 3502 comi·

292 3543 401 3602 tatum
424 3535 607 3600 innumeris
638 3535 785 3600 millibus
810 3531 1068 3600 'candidatorum
1101 3539 1344 3618 monachorum,

294 3646 329 3706 et
371 3638 684 3725 speciosissimarum
723 3637 1023 3702 sanctimonialium
1061 3641 1231 3726 respondit
1275 3665 1344 3709 esse

293 3737 535 3828 compositum.⁶
581 3739 655 3819 Quo
679 3738 767 3805 dicto
799 3739 968 3817 conticuit,
992 3745 1026 3805 et
1057 3749 1189 3828 accepto
1223 3745 1344 3812 viatico

292 3843 459 3910 Dominici
496 3842 639 3929 corporis
673 3841 849 3906 dimidium
881 3841 970 3907 diem
1004 3844 1198 3928 supervixit,
1231 3846 1344 3932 itaque

291 3947 397 4012 vitam
420 3945 515 4010 obitu
536 3946 656 4010 iterato
679 3943 798 4010 finivit.

339 4052 388 4114 18.
413 4045 515 4113 Post⁷
537 4046 608 4113 haec
631 4047 667 4110 in
689 4045 764 4112 aliis
786 4045 918 4132 Angliae
933 4047 1083 4132 partibus
1098 4049 1141 4114 ad
1156 4050 1344 4136 parochiam
1358 4055 1475 4134 securim

292 4173 385 4218 suam
415 4149 464 4214 nil
487 4148 731 4236 pertinentibus
753 4149 900 4236 insignes
922 4149 1073 4216 ccclesias
1099 4151 1142 4217 ob
1173 4154 1344 4239 praefixam
1358 4140 1384 4173 ¹¹¹
1395 4139 1472 4191 ω]
1474 4191 1480 4203 ·
1521 4141 1528 4145 ’

1357 4190 1441 4254 places
1454 4208 1513 4260 give

291 4273 424 4320 causam
447 4250 572 4316 clericis
595 4250 779 4328 evacuavit,
803 4256 837 4315 et
860 4271 914 4316 eas
936 4258 1117 4319 memorata
1146 4257 1451 4375 auowfilal‘iffl‘}

324 4483 332 4516 ¹
356 4477 590 4544 wincelcumbensi]
605 4477 794 4529 Winchelcunr-
874 4479 884 4512 ⁴
902 4481 1030 4548 visionem]
1051 4481 1155 4544 visione,
1167 4485 1198 4535 B.

256 4591 263 4600 .
289 4560 372 4621 hemi,
383 4561 414 4610 Β,
874 4558 1011 4626 merito]
1031 4560 1123 4622 dilecti,
1135 4565 1227 4615 aaa
1240 4567 1274 4618 B.

322 4637 500 4704 wolbertus]
533 4636 712 4697 Foldberhtus,
738 4635 794 4696 A.;
873 4636 1070 4705 οοοηιροειῖιιπι]
1091 4643 1267 4707 compositam,
1280 4645 1314 4695 A.

289 4719 451 4778 Flodbertus,
462 4716 493 4766 B.
873 4713 978 4782 ⁷Port]
999 4718 1105 4782 Pieter,
1115 4720 1150 4771 A.

323 4800 334 4834 ³
351 4795 501 4863 abductas]
522 4795 647 4858 sublatus,
661 4795 692 4846 A.
703 4793 734 4845 Β.
