3586 5802
578 895 624 945 ar
647 895 748 946 sucu
771 895 841 945 raa
864 893 1037 945 casuros.
1270 879 1349 942 161¹

280 1082 523 1170 dispescamus,
547 1087 724 1172 quatinus,
747 1093 882 1153 uuotom
896 1086 984 1163 neo,
1009 1083 1149 1172 queastio
1172 1083 1239 1152 lacae
1264 1103 1333 1150 rac-

280 1184 399 1253 diaate
429 1187 579 1274 justitia
614 1190 826 1256 terminatur.
884 1189 1017 1256 Datum
1051 1188 1150 1274 apest
1188 1187 1333 1254 Olorem

280 1289 438 1370 Moretrm,
461 1293 529 1358 xvi.
552 1291 715 1359 kabades
737 1292 856 1360 Joati.

324 1393 418 1458 Misit
440 1400 475 1460 et
496 1396 650 1461 dominus
680 1417 740 1461 rex
772 1397 898 1483 legatos
932 1416 1008 1460 suos
1030 1394 1074 1460 ad
1096 1379 1338 1480 Apostolicum,
1346 1397 1403 1449 The
1414 1399 1478 1466 king

281 1495 401 1580 quibus
439 1499 503 1564 etsi
536 1499 604 1564 tuit
637 1498 790 1584 injuncta
827 1503 942 1564 contra
972 1497 1211 1563 Eboracensem
1251 1467 1501 1597 elec-{ffiffisssto

281 1602 353 1664 turn
375 1604 487 1686 petere
509 1605 544 1666 et
566 1601 742 1688 impetrare
765 1600 931 1678 voluntas,
953 1621 1021 1665 non
1056 1603 1106 1666 est
1129 1599 1209 1663 data
1230 1597 1334 1683 impe·
1346 1599 1389 1648 the
1400 1614 1471 1664 r0r‘2·

280 1701 391 1766 trandi
407 1702 564 1784 facultas3
587 1704 672 1770 etsi
695 1704 815 1790 aliquis
837 1702 964 1788 aliquid
991 1724 1025 1767 se
1047 1702 1239 1787 impetrasse
1262 1723 1334 1786 spe-

280 1824 357 1869 rans
379 1807 514 1892 gavisus
537 1812 596 1884 est,
619 1807 660 1872 de
693 1829 758 1893 quo
792 1806 1003 1892 postmodum
1036 1805 1211 1890 deceptum
1233 1803 1333 1868 fuisse
1396 1833 1410 1848 s
1448 1837 1456 1852 ·

282 1908 490 1994 comperiens,
521 1931 607 1996 segre
641 1909 729 1975 tulit.
775 1908 868 1974 Idem
891 1928 970 1974 vero
1002 1906 1124 1973 electus
1156 1907 1192 1972 in
1223 1906 1334 1972 animo
1347 1917 1503 1968 rurstinre

281 2009 368 2074 diem
391 2011 588 2095 praefixerat,
612 2015 790 2096 antequam
814 2015 929 2076 contra
958 2009 1224 2076 benevolentiam
1247 1985 1495 2114 regisgff'gjeffff

284 2111 488 2179 Normannia
510 2114 553 2180 ad
576 2135 696 2200 papam
719 2134 788 2178 non
817 2112 1033 2198 egrederetur,
1057 2111 1197 2178 ulterius
1219 2117 1331 2176 autem
1345 2089 1465 2182 thssking

281 2214 412 2280 tardare
444 2215 530 2282 nolle
553 2217 619 2280 nisi
649 2216 801 2302 captione
824 2215 877 2278 vel
900 2213 1096 2280 infirmitate
1119 2214 1330 2280 detineretur.
1343 2185 1447 2236 refuses.

285 2315 358 2382 Hoc
380 2319 597 2404 praecogitans
629 2319 669 2383 de
702 2319 797 2384 sociis
831 2317 899 2381 suis
934 2338 1039 2380 unum
1063 2321 1138 2402 post
1160 2339 1274 2394 unum,
1298 2324 1333 2383 et
1347 2333 1475 2410 mesenas

285 2417 325 2484 de
348 2420 417 2484 suis
439 2420 537 2486 rebus
560 2422 596 2486 in
620 2421 791 2486 Franciam
823 2419 992 2506 praenrisit,
1016 2441 1115 2504 quam
1140 2421 1237 2484 citius
1260 2400 1465 2530 Wlfflin}

285 2527 335 2586 set
369 2529 552 2610 opportune
586 2546 726 2592 securus.
777 2522 928 2588 Licentia
949 2524 1110 2606 tanquam
1133 2523 1173 2587 de
1205 2523 1334 2609 integro
1346 2533 1401 2581 into
1409 2533 1506 2583 Franco

286 2625 432 2709 quaesita,
455 2631 490 2691 et
512 2648 571 2692 rex
593 2626 636 2691 ab
659 2647 697 2692 eo
728 2624 915 2690 mandando
947 2625 1058 2710 exegit
1080 2625 1143 2688 sibi
1166 2625 1335 2710 potissime
1348 2600 1440 2664 oneby
1448 2615 1504 2649 ⁰¹¹²·

287 2729 355 2813 [ne]
393 2727 436 2794 ab
459 2729 649 2814 Apostolico
687 2727 963 2794 consecrationem
1001 2726 1188 2813 susciperet.
1257 2735 1274 2761 “
1284 2726 1334 2792 De
1347 2743 1419 2818 aska
1430 2741 1472 2792 the

288 2837 304 2862 “
326 2827 416 2907 hoc,''
448 2832 567 2916 inquit,
601 2831 819 2918 “pactionem
857 2829 984 2895 nullam
1015 2829 1143 2906 faciam,
1175 2831 1232 2894 sed
1264 2830 1334 2896 Deo
1347 2809 1430 2925 {252⁵

251 3017 256 3022 Ι
286 2939 303 2965 “
326 2953 458 2998 sensum
480 2953 590 2998 meum
606 2933 776 3019 dirigente,
792 2933 842 2998 ita
863 2953 916 2996 me
939 2951 1035 3018 agam
1058 2931 1147 3017 quod
1161 2953 1235 3016 quae
1259 2939 1338 2997 sunt

288 3035 390 3102 “Dei
414 3036 493 3115 Dee,
517 3042 552 3103 et
582 3059 656 3123 quae
687 3037 773 3124 regis
805 3037 875 3123 regi
906 3035 1068 3102 reddam.”
1114 3035 1239 3102 Praesul
1261 3059 1339 3104 vero

288 3137 491 3218 Exoniensis,
507 3140 549 3206 ab
565 3140 755 3226 Apostolico
777 3138 953 3206 novissime
976 3159 1134 3217 reversus,
1156 3139 1225 3224 regi
1249 3139 1340 3206 dixe-

288 3245 340 3306 rat
361 3262 429 3306 non
451 3263 520 3307 esse
543 3263 626 3328 opus
657 3242 804 3308 detinere
820 3263 904 3319 aum,
928 3241 1052 3308 sciebat
1075 3241 1163 3308 enim
1186 3242 1275 3328 quod
1297 3242 1340 3310 ab

287 3363 324 3408 eo
346 3364 414 3409 non
436 3349 685 3411 consecraretur.
870 3409 872 3412 ,
1220 3410 1221 3423 ,

333 3444 458 3510 Videas
481 3446 585 3533 igitur
607 3468 666 3512 rex
699 3447 786 3532 quod
821 3468 897 3512 eum
932 3446 1063 3534 longius
1097 3448 1240 3514 retinere
1263 3463 1482 3542 con-*rherum

288 3545 460 3614 venienter
482 3571 549 3615 non
571 3555 710 3636 poterat,
734 3550 813 3636 quia
835 3549 987 3616 dominus
1013 3571 1100 3636 papa
1121 3556 1156 3616 et
1178 3550 1338 3637 archiepi-
1351 3531 1458 3582 ¹⁰t⁸¹²¹¹¹¹
1466 3548 1511 3598 go,

288 3671 421 3737 scopum
444 3656 479 3717 et
501 3651 595 3717 illum
618 3653 662 3718 ad
678 3652 862 3720 Concilium
884 3658 1070 3730 vocaverat,
1093 3657 1127 3718 et
1149 3654 1180 3718 ei
1202 3598 1493 3732 mmds-insslliik

289 3757 383 3820 verat
404 3776 446 3820 ne
479 3775 533 3820 eos
564 3760 792 3833 remoraretur,
824 3756 853 3820 si
884 3760 1023 3840 uterque
1046 3755 1101 3820 vel
1132 3755 1217 3822 alter
1239 3732 1479 3849 anteassgffld

288 3857 331 3922 ad
353 3856 449 3922 illum
472 3857 586 3924 venire
608 3857 728 3937 vellet3
759 3863 794 3924 et
823 3863 958 3944 propter
980 3858 1119 3923 verbum
1142 3857 1338 3926 Exoniensis
1351 3865 1470 3915 sectores.

289 3959 440 4046 episcopi,
456 3958 626 4026 licentiam
648 3959 793 4026 abeundi
816 3958 984 4026 concessit.
1030 3958 1101 4037 Ille,
1118 3980 1186 4026 non
1209 3960 1340 4026 diutina

279 4060 445 4137 dilatione
468 4061 720 4146 procrastinans,
744 4059 925 4128 Oarnotum
947 4061 1050 4138 venit,
1072 4059 1132 4124 ubi
1153 4081 1235 4146 quos
1258 4083 1341 4146 prae-
1354 4076 1459 4126 Tursun
1489 4144 1495 4156 ⁸

289 4163 425 4228 miserat
462 4169 691 4249 exspectantes
730 4185 805 4230 eum
844 4163 938 4249 quasi
961 4161 1158 4252 ¹raptionem
1199 4165 1339 4230 evasisse
1352 4144 1511 4194 ¹⁰⁸⁰h⁰⁸¹¹¹⁸

289 4265 409 4351 gaudio
433 4287 551 4352 magno
574 4267 683 4353 gavisi
717 4272 803 4334 sunt.
850 4267 933 4332 Inde
955 4265 1122 4353 profectus
1145 4273 1263 4352 quarto
1286 4211 1486 4341 diegffaurllezf

289 4368 430 4432 Turonis
467 4367 606 4434 Romam
644 4369 784 4436 invenit.
840 4369 893 4434 Ibi
930 4391 1078 4434 summus
1115 4370 1274 4455 pontiferr,
1306 4345 1478 4477 θὺῗζὲξξέζ

291 4470 377 4536 idem
401 4470 455 4534 vir
477 4492 604 4538 summe
627 4473 722 4554 nobis
746 4473 867 4560 dignus
889 4471 1065 4538 nobilitate
1089 4475 1123 4539 et
1145 4473 1341 4542 excellentia
1353 4487 1380 4530 ot
1391 4481 1479 4532 roura.

290 4595 359 4650 sua,
389 4577 424 4638 et
461 4573 560 4653 curia,
598 4575 776 4644 honorifice
803 4597 878 4642 eum
916 4575 1138 4662 suscipientes,
1169 4575 1342 4644 advenisse

291 4675 399 4741 laetati
422 4682 509 4742 sunt.

337 4777 488 4866 Turonis,
521 4779 557 4843 in
592 4781 764 4867 metropoli
800 4780 935 4848 ecclesia
967 4779 1081 4849 Sancti
1112 4782 1273 4862 M'auricii,
1308 4783 1343 4848 in

383 4890 477 4940 0575.
1191 4913 1211 4958 11
