3454 5816
619 1616 963 1713 APPENDIX.

696 1816 900 1837 wwwwvm

779 1933 807 2002 1.

534 2075 666 2166 VITA
711 2075 752 2170 S.
799 2073 1065 2170 OSWALDI.

672 2273 918 2290 wwmtvwmxum

312 2423 447 2514 Incipit
468 2422 508 2492 do
530 2422 653 2492 Sancto
678 2421 829 2492 Oewoido
851 2419 1053 2490 Wococcosi
1075 2420 1321 2512 archiepiscopo

692 2531 722 2594 ct
744 2526 933 2614 confessore.

100 2677 218 2737 naemei,
314 2654 483 2720 Gloriosus
513 2651 640 2720 Christi
682 2653 846 2720 confessor
892 2653 1066 2721 Oswaldus
1107 2653 1320 2721 Eboracensis
1333 2675 1483 2741 aorlyedu-

102 2761 126 2808 P·
139 2751 162 2793 2·
269 2745 539 2832 archiepiscopUS,
569 2751 722 2808 exordium
744 2753 908 2810 nativitatis
923 2767 965 2810 ax
987 2752 1168 2809 nobilissima
1183 2755 1322 2826 progenie
1333 2742 1426 2794 ffl2i011·

269 2841 396 2909 nactae,
430 2843 558 2914 eleganti
603 2843 696 2898 forma
738 2843 855 2898 enituit.
912 2842 968 2912 Qui
1011 2843 1062 2898 ubi
1100 2834 1240 2919 pueriles
1283 2857 1322 2900 aa

265 2923 430 3010 juveniles
453 2949 544 2987 annos
566 2931 702 3002 diligenti
725 2949 794 2986 cura
815 2933 944 2988 nutritus
966 2933 1097 2998 excessit,
1120 2930 1239 3010 patruo
1262 2946 1322 2989 suo

270 3014 393 3080 Sancto
427 3011 545 3088 Odoni,
577 3018 658 3080 tunc
700 3011 942 3098 archiepiscopo
986 3011 1227 3092 Oancuaeensi,
1259 3022 1322 3094 ejus

271 3112 411 3170 doctrinis
443 3110 625 3176 imbuendus,
649 3109 712 3182 ejus
743 3111 884 3184 exemplis
918 3102 1131 3168 instruendus
1154 3129 1172 3168 a
1194 3113 1321 3184 purenti-

271 3193 324 3258 bue
358 3202 418 3258 suis
449 3199 666 3256 commendatus
697 3205 749 3256 est.
797 3199 923 3272 Spiritus
960 3218 1085 3272 namque
1118 3202 1268 3274 sapientiae
1293 3207 1323 3257 ct

271 3292 436 3350 intellectos
459 3307 544 3362 super
567 3279 760 3346 Oswaldum
782 3291 956 3360 quiescebat,
980 3290 1125 3362 inspirans
1147 3292 1174 3348 ei
1197 3292 1322 3362 gratim

273 3383 373 3446 Suam,
397 3386 427 3436 et
459 3397 507 3435 cor
530 3378 699 3450 intelligens
722 3379 760 3434 ad
783 3379 899 3450 ringula
931 3397 996 3452 quie
1019 3381 1155 3436 discenda
1177 3382 1321 3438 audiebat.

274 3469 464 3528 saecularium
498 3481 567 3538 ergo
600 3468 739 3524 librorum
774 3458 924 3546 [scicntia]
956 3470 994 3526 ad
1032 3471 1151 3542 plenum
1185 3471 1321 3540 imbutus,

273 3561 446 3618 Divinarum
489 3557 605 3630 paginis
647 3558 796 3614 literarum
844 3558 943 3616 sedula
984 3559 1145 3616 intentione
1192 3561 1322 3616 animum

272 3649 371 3706 audit.
417 3649 461 3703 Ex
477 3647 580 3720 quibus
595 3653 693 3702 sancto
709 3645 838 3702 caritatis
861 3648 930 3717 igne
946 3649 977 3702 in
994 3647 1088 3704 Deum
1103 3650 1323 3721 proximumque

274 3755 435 3803 succensus,
459 3735 491 3792 in
525 3740 723 3808 oouoemptum
747 3736 849 3792 mundi
872 3742 950 3792 totus
982 3735 1114 3808 erigitur,
1138 3744 1167 3793 et
1199 3738 1323 3810 qualiter

274 3827 392 3884 servitio
425 3825 480 3882 Dei
512 3830 669 3882 mereretur
701 3825 867 3882 omnimodo
899 3826 998 3882 ascisci
1033 3821 1068 3882 et
1099 3827 1222 3898 singulis
1245 3829 1323 3886 horis

273 3917 439 3972 meditatur.

214 4043 220 4056 .
319 4007 401 4062 Inter
415 4005 478 4062 haec
488 4003 676 4077 Wyutoniam
691 4022 709 4060 a
725 4008 828 4076 patrum
843 4021 895 4060 suo
905 3996 1183 4080 supranominato,
1199 4007 1324 4078 glorioso
1337 4012 1406 4064 Goee
1416 4021 1443 4065 to

274 4093 375 4152 Odone
416 4083 668 4170 archiepiscopo,
702 4093 849 4164 dirigitur,
885 4100 1026 4164 quatenus
1071 4095 1113 4150 ibi
1150 4096 1267 4166 degens,
1300 4098 1324 4152 si
1338 4082 1473 4133 winche'*

275 4203 360 4256 quam
393 4183 466 4238 forto
490 4183 521 4238 in
554 4182 701 4238 cononicis
733 4173 791 4258 qui
814 4179 896 4240 tunc
927 4173 974 4238 ibi
997 4175 1033 4238 in
1057 4174 1192 4242 ecclesia
1214 4177 1324 4243 cathe-
1337 4153 1383 4198 Ἢ·

274 4265 358 4330 dmli
390 4263 598 4330 habebantur
620 4272 698 4326 viam
730 4273 800 4328 vitae
831 4263 999 4328 imitandae
1031 4275 1179 4345 reperiret,
1203 4273 1325 4331 disceret

274 4369 304 4420 ct
328 4364 498 4417 imitaretur.
545 4359 621 4430 Quid
643 4361 791 4432 amplius?
814 4361 865 4415 Fit
886 4361 1041 4419 canonicus
1075 4363 1151 4418 intor
1173 4365 1325 4420 canonicos
1366 4363 1369 4370 '

275 4455 360 4526 ipsos.
407 4451 439 4507 Si
485 4451 625 4522 quaeritur
659 4451 752 4520 qualis
793 4451 870 4505 inter
913 4451 1021 4522 quales,
1062 4453 1203 4523 regularis
1249 4455 1326 4511 inter

275 4541 454 4613 irregulares.
501 4541 567 4612 Ipso
601 4540 709 4595 etenim
740 4539 810 4611 quid
844 4540 988 4596 institutio
1019 4542 1089 4598 vitoe
1121 4544 1324 4600 canonicorum

275 4633 359 4687 docet
381 4635 411 4686 et
433 4629 567 4701 precipit
590 4629 748 4684 indefessus
771 4629 984 4700 exequebatur:
1010 4631 1064 4698 illi,
1089 4639 1186 4704 spreta
1209 4633 1324 4688 iustitu-

275 4723 354 4778 tione
388 4717 499 4775 ordinis
531 4719 585 4784 sui,
606 4717 692 4790 juxta
723 4717 853 4774 cordium
885 4737 1001 4776 suorum
1037 4721 1178 4802 desideria
1212 4723 1325 4794 gradie-

274 4813 381 4868 banmr
435 4807 519 4864 Unde
551 4808 737 4866 admirandus
760 4811 872 4866 cunctis
903 4809 1022 4866 effectus
1044 4812 1081 4866 ob
1114 4813 1325 4884 plenitudinem
