3454 5816
499 890 544 940 OF
565 889 636 940 THE
658 887 804 940 OHUROH
826 889 871 938 OF
893 889 1000 941 YORK.
1218 877 1283 938 485

274 1079 374 1166 Apud
399 1078 529 1164 Thorpe
552 1077 753 1163 defungitur,
778 1077 954 1142 mundonis
977 1083 1108 1152 exutus

275 1181 414 1247 Eboraci
436 1181 573 1268 ponitur
595 1179 737 1248 scenosis
761 1179 899 1244 indutus
1218 1181 1284 1244 530

275 1283 317 1348 In
340 1283 465 1370 capelle
488 1283 636 1370 Virginis
659 1282 774 1348 metris
796 1281 959 1370 gratioe,

275 1387 369 1453 Inter
383 1387 596 1474 ¹coepiscopos
619 1386 740 1472 praesul
761 1385 909 1472 gloriose,

277 1489 367 1570 Quos
389 1490 430 1554 de
453 1489 564 1554 fundis
588 1489 695 1575 operis
717 1488 797 1556 fecit
818 1487 874 1554 hic
896 1487 1000 1554 levari

277 1592 323 1656 Et
345 1592 392 1657 sio
413 1589 592 1658 honorifice
614 1589 662 1654 ibi
686 1588 867 1656 tumulari.1

275 1693 368 1758 Tunc
390 1692 640 1758 archidiaconus
664 1691 789 1756 Durem
812 1693 1029 1772 venerandus
1101 1692 1193 1758 xlvii.
1219 1695 1282 1758 535
1299 1703 1447 1784 dispendet

274 1795 462 1860 nexunt
485 1794 606 1862 nosos
629 1793 751 1860 Nevile
773 1795 980 1872 vocitandus,
1299 1771 1406 1820 ”⁸¹¹0-

276 1896 441 1963 Successit
463 1897 499 1960 in
522 1895 713 1963 cathedram
736 1896 799 1962 rite
818 1897 890 1982 jem
913 1895 1044 1974 clectus,

276 1999 338 2064 Per
361 2021 481 2086 popam
506 1997 699 2084 Gregorium
722 1997 766 2064 ed
789 2019 872 2064 onus
895 2003 1030 2064 erectus.

276 2101 321 2168 Et
343 2101 414 2186 ejus
437 2099 555 2166 electio
577 2121 655 2168 senc
678 2099 900 2180 confirmetur,

275 2203 368 2268 Tunc
389 2201 511 2288 praesul
534 2201 713 2268 Londoniis
737 2202 836 2288 digne
859 2205 1068 2268 consecretur
1221 2203 1287 2267 540

275 2305 308 2369 A
329 2305 444 2369 multis
467 2304 634 2390 episcopis,
657 2303 783 2370 Durem
806 2304 1012 2390 praesidente,

276 2407 309 2472 N
312 2407 482 2473 orwicensi
505 2406 630 2492 puriter
651 2427 726 2472 cum
750 2405 816 2491 Ely
838 2411 1008 2492 prosecute.

275 2510 367 2576 Tunc
389 2509 554 2576 Robertus
576 2509 703 2574 ordinis
725 2510 828 2576 freter
851 2508 1042 2595 Augustini,
1109 2508 1215 2574 xlviii.
1301 2517 1442 2566 Robertde

275 2611 437 2679 Ascendit
459 2612 495 2674 in
518 2609 709 2678 cathedram
733 2611 886 2698 primatis
909 2611 1050 2678 Paulini.
1113 2639 1115 2645 ·
1302 2583 1423 2648 watoby.

277 2715 407 2801 Lingua
429 2713 629 2780 scientificus
652 2713 812 2780 sermonis
836 2714 959 2790 Latini,
1223 2715 1287 2778 545

275 2819 375 2886 Anno
397 2819 504 2904 primo
527 2817 696 2903 proximet
718 2818 799 2884 vitre
822 2839 891 2884 suae
915 2817 983 2882 fini.

276 2921 328 2985 Do
351 2919 458 2985 cernis
481 2917 649 3004 ergastulo
671 2917 793 3004 prsesul
816 2921 982 2996 evocatur,

278 3022 383 3088 Glebo
405 3021 457 3086 sui
479 3021 624 3106 eorporis
648 3019 904 3086 Wsstminster²
926 3019 1093 3088 humetur.
1395 3095 1400 3102 .

277 3124 436 3190 Ricardus
459 3123 594 3210 cligitur
616 3123 646 3188 lo
670 3121 791 3209 Sorope
813 3126 1035 3209 nuncupatus,
1141 3121 1220 3188 xlix.
1303 3131 1415 3181 sichard

278 3228 437 3292 Generosi
459 3227 617 3313 germinis
640 3227 743 3312 stirpe
766 3231 964 3312 procreatus.
1223 3228 1289 3290 550
1304 3197 1404 3263 sempe.

277 3328 369 3395 Tunc
392 3333 504 3414 postor
527 3328 702 3412 Bothoniee
725 3347 802 3392 mox
826 3327 944 3394 Bowet
967 3325 1132 3394 Hdnrieus
1178 3325 1199 3393 l.
1304 3338 1394 3402 Henry

277 3431 319 3496 In
342 3435 472 3516 {intrem
496 3431 642 3516 eligitur,
666 3435 706 3496 ut
727 3429 814 3516 regis
837 3431 971 3496 amicus.
1303 3407 1409 3455 Bowett.

277 3533 333 3598 Sic
355 3533 536 3598 translatus
559 3531 747 3598 cathedram
771 3531 909 3607 scandit,
933 3537 972 3594 ut
995 3537 1046 3596 cst
1068 3531 1177 3608 moris,

278 3634 368 3719 Papo
391 3634 483 3698 misit
505 3633 638 3718 praesuli
661 3632 800 3718 pellium
823 3631 965 3708 honoris,

279 3735 329 3800 Ut
351 3757 484 3822 gregem
509 3735 720 3800 Dominioum
745 3755 832 3823 sone
847 3733 1030 3798 custodiret
1226 3737 1289 3796 555

281 3837 333 3902 Ne
356 3837 512 3923 luporum
535 3836 642 3902 rabies
666 3836 699 3900 iu
724 3856 827 3922 ugnos
850 3834 992 3900 saeviret.

280 3938 401 4004 Aulam
425 3959 546 4004 novem
574 3936 762 4024 sumptibus
784 3939 819 4002 in
843 3937 967 4004 Oowod
990 3937 1103 4014 erexit,

280 4043 332 4106 Ex
356 4041 459 4126 polito
482 4039 592 4126 lepide
615 4045 649 4106 et
672 4039 811 4126 plumbo
834 4039 990 4106 contexit

281 4143 323 4208 In
346 4143 458 4228 Ripon
480 4142 613 4208 vicariis
636 4147 750 4228 postor
774 4142 950 4228 probitatis

280 4247 459 4312 Percellem
481 4246 621 4312 manerii
644 4246 833 4332 assignavit
855 4245 966 4332 gretie.
1233 4247 1297 4310 500

279 4349 397 4412 Erexit
420 4345 499 4412 dum
522 4347 652 4412 viveret
674 4367 795 4412 novom
822 4347 875 4412 his
897 4347 1083 4424 bcdernem,

280 4449 364 4515 Fere
386 4449 454 4513 suis
477 4448 673 4534 sumptibus,
701 4448 844 4514 laudent
866 4448 945 4514 hinc
966 4448 1150 4514 lucernum:

270 4655 278 4687 ¹
297 4653 430 4718 tumultui]
451 4653 505 4702 Tho
526 4651 583 4704 Ms.
595 4655 658 4704 ends
678 4652 739 4704 here
825 4653 836 4686 ²
858 4651 1050 4720 westminster]
1101 4651 1300 4713 Wcstmerlnnd,

237 4733 306 4794 with,
341 4733 508 4796 “Sequuntur
543 4731 620 4781 Alex.
649 4731 738 4790 Nevcl,
792 4730 842 4782 MS

237 4819 254 4843 “
271 4813 404 4870 Arundell.
417 4811 521 4878 Welby,
533 4811 639 4876 Scroop,
651 4811 715 4862 etc.”
