3454 5816
460 881 524 944 454
763 897 787 944 A
810 893 984 946 nmmum
1007 893 1207 946 cercurum

290 1077 373 1128 1³0²&
384 1077 413 1128 ⁰?
457 1082 504 1146 Hi
527 1103 619 1168 reges
641 1082 746 1148 sancti
769 1104 829 1168 pro
853 1083 987 1149 Christo
1010 1089 1116 1148 morte
1138 1081 1301 1168 perempti
1467 1078 1539 1142 225

503 1183 665 1270 Martyrio
687 1185 813 1250 clarent
835 1185 1031 1270 aureolaque
1054 1185 1173 1250 nitent.

458 1285 591 1351 Edwini
614 1287 700 1372 regis
724 1307 852 1352 sacrum
875 1293 977 1374 caput
999 1287 1055 1353 hic
1077 1285 1273 1364 tumulatur,

503 1389 652 1455 Porticus
675 1389 737 1455 hoc
760 1390 874 1455 Sancti
897 1390 1047 1476 Gregorii
1070 1389 1198 1456 retinet.

287 1144 388 1196 Edwin.

475 1613 524 1680 De
546 1615 738 1703 defeccione
760 1615 849 1682 ecclic
871 1623 901 1682 et
932 1615 1072 1683 ecclcstoe
1101 1639 1165 1702 per·
1198 1617 1389 1701 utopuum¹
1430 1613 1525 1682 Wil-

743 1718 887 1804 frtctum
909 1717 1206 1805 archiepiscopum.

460 1883 580 1949 Fluctu
598 1883 747 1970 jactatur
769 1884 866 1949 navis
888 1885 1077 1950 firmissima
1099 1885 1198 1963 Petri,

460 1984 526 2050 Sed
550 2007 616 2050 non
639 1991 821 2070 quassatur,
845 1986 936 2051 Petri
958 1987 1087 2052 meritis
1110 1988 1278 2054 solidatur.
1457 1988 1537 2050 230

459 2087 733 2172 Archipontifices
756 2087 857 2176 elegit
879 2089 1066 2166 nobiliores,

504 2188 627 2266 Fortes,
651 2190 886 2275 magnanimos,
910 2190 1168 2278 magnificosque
1190 2192 1289 2257 viros.

291 2301 393 2352 wilfrid
405 2303 435 2360 1..
460 2290 600 2376 Magnus
624 2290 796 2355 Wilfridus
819 2291 945 2356 meritis
968 2313 1042 2356 cum
1066 2293 1197 2357 nomine
1221 2314 1367 2379 magnus,

289 2367 413 2486 ffiffl
504 2392 664 2457 Doctrina
686 2414 826 2478 magnus
850 2393 1020 2460 catholicae
1043 2394 1128 2458 fidei.

290 2497 394 2552 hislife.
460 2495 560 2559 Hunc
586 2493 646 2558 lux
669 2494 809 2559 caelestis
832 2501 983 2560 sanctum
1006 2495 1158 2582 designat
1179 2495 1222 2561 ab
1245 2501 1329 2573 ortu,
1450 2497 1524 2560 235

504 2596 720 2681 Ecclesiaeque
743 2596 847 2662 basim
871 2598 941 2662 fata
963 2597 1060 2662 beata
1083 2604 1210 2664 notant.

459 2697 525 2762 Hic
547 2720 605 2784 pro
628 2698 703 2762 sede
727 2721 788 2764 sua
810 2720 924 2783 passus
949 2699 1139 2766 discrimina
1162 2700 1275 2778 multa,

503 2801 654 2864 Perstitit
677 2801 822 2865 invictus
844 2800 959 2865 robore
979 2801 1130 2886 justitiae.

458 2901 593 2967 Carcere
617 2901 786 2966 conclusus
809 2901 916 2988 poenis
939 2903 1040 2966 variis
1063 2903 1234 2981 cruciatur,

502 3003 582 3068 Post
605 3004 828 3090 propulsatur,
852 3004 994 3090 pellitur
1007 3027 1028 3070 a
1050 3007 1177 3090 patria:
1444 3009 1517 3072 240

456 3105 567 3192 Regis,
589 3105 713 3190 reginae
736 3106 925 3190 tyrannide,
948 3107 1207 3193 pontificumque

502 3206 628 3272 Exulat
650 3207 797 3286 invidia;
819 3207 928 3271 Roma
949 3208 1073 3294 recepit
1094 3231 1178 3274 eum.

373 3313 376 3320 '
456 3311 478 3375 J
482 3332 536 3374 ure
560 3309 782 3374 reformantur
805 3310 840 3373 in
864 3308 1014 3375 Concilio
1038 3311 1191 3376 Genernli

501 3411 622 3477 Omnia
645 3416 857 3496 praesumpta,
882 3411 1033 3497 praesulis
1055 3418 1155 3497 atque
1178 3419 1295 3479 status.

456 3513 617 3580 Ecclesiae
640 3513 736 3590 ditat,
760 3513 882 3578 fundat
904 3514 1042 3600 collegia
1064 3514 1159 3592 celsa,
1442 3519 1511 3581 245

500 3615 698 3681 Pontificum
721 3615 894 3680 cathedras
916 3617 1015 3702 erigit
1037 3622 1137 3702 atque
1160 3622 1286 3684 sacrat:

457 3716 632 3782 Convertit
654 3721 769 3803 gentes
792 3716 919 3782 Divina
941 3716 1038 3782 laude
1061 3723 1218 3796 carentes,

500 3817 618 3883 Salvat
639 3817 809 3884 credentes
831 3839 853 3882 a
874 3839 962 3896 nece,
985 3823 1083 3904 peste,
1107 3819 1202 3884 fame.

456 3919 570 3985 Scotos
593 3920 737 3985 correxit
758 3925 905 3986 errantes
927 3927 1075 4008 tempore
1097 3919 1239 4000 Paschre,

391 4069 396 4077 -
501 4023 580 4088 Illos
603 4023 765 4088 instruxit
787 4024 952 4090 canonicis
975 4011 1119 4090 monitis.
1444 4027 1513 4093 250

455 4123 578 4212 Magna
599 4125 683 4191 facit
705 4131 740 4190 et
762 4147 883 4212 magna
904 4127 1000 4192 docet
1023 4132 1091 4192 tam
1114 4125 1309 4213 magnificus
1332 4126 1393 4206 vir,

500 4229 756 4316 Magnificatque
779 4229 893 4306 solum,
917 4229 1172 4315 magnificatque
1194 4227 1330 4316 polone

490 4454 641 4521 imnum]
663 4455 831 4518 metmffl·
1039 4431 1168 4480 Mactatus
1190 4430 1254 4494 (air)
1275 4429 1361 4520 multis
1380 4445 1424 4494 per
1443 4436 1510 4481 tem·

1073 4523 1136 4574 pora
1148 4509 1224 4574 longa
1237 4510 1347 4572 poncha,

466 4557 497 4648 '²
514 4557 591 4608 Alter
611 4557 669 4650 this,
687 4559 719 4648 'iu
739 4561 782 4650 Bo·
797 4559 882 4608 s0¹10V
897 4558 955 4609 f⁰¹²f
1040 4587 1195 4650 Quindecies
1207 4595 1292 4638 ternos
1304 4593 1436 4653 postquam
1457 4587 1510 4656 egit

455 4638 519 4687 linea
530 4637 595 4686 from
609 4638 732 4688 erlnd'a
744 4639 845 4703 epitaph
859 4659 864 4689 ι
1073 4667 1205 4730 episeopus
1216 4683 1304 4728 annos,

487 4714 630 4806 Wylfridus
652 4724 769 4806 'rancura
797 4717 894 4769 meritis
931 4727 956 4770 et
1039 4745 1154 4796 Transiit
1183 4754 1209 4796 et
1244 4748 1358 4812 gaude„
1394 4747 1508 4800 Wlfflin

520 4809 621 4848 nemine
633 4797 731 4863 dignus,
1072 4825 1245 4894 mgnsspoffi
