3530 5790
751 913 950 962 CHRONICLE
971 915 1016 962 0!
1038 915 1108 962 m

670 1101 724 1166 Da
746 1101 846 1166 Baua
869 1118 909 1164 nr
933 1117 1015 1167 aius
1037 1100 1208 1166 scnmns¹

448 1265 489 1318 [Jt
510 1276 608 1319 autam
640 1265 790 1334 aliquanto
826 1265 913 1318 latius
946 1263 1031 1318 nobis
1053 1270 1152 1318 noster
1175 1263 1255 1318 Beda
1277 1263 1450 1328 innoteseat,
1468 1267 1587 1332 Symeon
1599 1271 1629 1317 de

402 1368 487 1408 natus
502 1365 545 1409 est
561 1375 637 1408 auno
653 1355 689 1407 ab
705 1354 902 1408 incarnatione
918 1353 1037 1406 Domini
1052 1369 1096 1408 nc.
1110 1353 1222 1418 lxxvii,
1238 1353 1288 1424 qui
1304 1359 1453 1410 mannus
1465 1334 1537 1383 “⁰¹²¹
1549 1337 1629 1384 ΕΜΓ·

232 1388 390 1437 Anaccouut
1466 1417 1491 1464 p.
1504 1405 1568 1450 256.

232 1457 263 1502 ot
272 1456 348 1514 Beue,
402 1464 495 1498 nonus
510 1446 651 1498 adventus
666 1443 808 1496 'Iheodori
825 1443 855 1495 in
869 1442 1062 1506 Britanniam,
1078 1460 1155 1497 anno
1171 1459 1230 1496 uno
1244 1449 1313 1497 ante
1328 1441 1453 1514 primam

232 1521 333 1578 bitis
401 1535 599 1603 expuitionem
623 1533 704 1588 aare
729 1532 868 1594 narnia,
885 1533 992 1585 Sancto
1015 1529 1174 1585 eurnwe
1199 1531 1452 1586 macenariam

232 1589 380 1636 mm*
401 1625 491 1677 ritum
514 1635 629 1693 agente,
675 1622 769 1675 Natus
784 1630 827 1675 est
849 1631 947 1674 autem
970 1620 1001 1673 in
1024 1621 1170 1674 territorio
1185 1611 1315 1696 praefabi
1338 1639 1451 1675 monas-
1465 1628 1627 1703 sesana.

399 1714 476 1777 terii,
499 1721 529 1768 et
545 1731 611 1766 cum
626 1719 700 1766 essct
715 1712 766 1764 vii.
790 1727 942 1774 annorum,
959 1709 1083 1764 tradima
1098 1717 1142 1764 est
1156 1728 1175 1764 a
1195 1710 1364 1780 parentibus
1377 1728 1450 1781 pras·
1464 1693 1498 1742 ¹¹¹·
1510 1699 1557 1742 ¹¹⁸·

399 1805 458 1856 fato
481 1802 578 1855 abbati
602 1801 769 1864 Benedicta,
793 1807 890 1870 atque,
906 1807 940 1853 ut
962 1799 1023 1870 ipse
1045 1799 1081 1853 do
1103 1817 1133 1853 se
1155 1805 1319 1864 attestatur,
1334 1817 1450 1854 omnem
1464 1785 1592 1868 Simfiff‘nr

399 1884 465 1946 fere
489 1909 579 1961 usque
602 1891 639 1944 ad
663 1891 750 1943 finem
773 1890 842 1943 vitae
866 1889 898 1942 in
922 1886 1051 1957 ejusdem
1073 1887 1244 1942 monasterii
1266 1889 1447 1944 habitatione
1461 1868 1504 1916 ¹³¹¹
1519 1857 1616 1902 ²³¹¹

399 1982 513 2051 peregit
537 1987 664 2034 etatem.
711 1971 933 2035 conversatus
956 1975 1006 2032 est
1037 1968 1138 2032 etiam
1160 1968 1332 2052 aliquanto
1364 1976 1446 2034 tem·

398 2096 475 2158 pore
499 2074 534 2137 in
558 2069 780 2157 discipulatu²
804 2071 991 2136 Beatissimi
1014 2069 1186 2147 iohannis,
1202 2076 1237 2134 et
1258 2071 1328 2136 xiia
1358 2091 1448 2138 anno

400 2177 479 2238 vitae
517 2198 586 2240 suae
629 2175 848 2250 diaconatum,
881 2193 962 2236 xxx.
1011 2171 1151 2257 madum
1189 2172 1445 2256 presbyteratus,

399 2285 576 2361 utrumque
600 2299 657 2361 per
679 2275 899 2340 ministerium
932 2273 1079 2358 ejusdem
1113 2274 1311 2340 sanstissimi
1332 2275 1443 2359 ponti·

399 2368 468 2430 licis
491 2368 662 2441 iohannis,
685 2367 837 2450 suscepit
882 2373 1007 2430 Videtur
1036 2379 1134 2428 autem
1156 2372 1329 2444 quibusdam
1350 2375 1442 2430 inore·

398 2467 500 2532 dibile,
524 2465 601 2536 quod
633 2466 662 2517 in
687 2474 815 2518 extremo
851 2463 953 2516 mundi
976 2451 1109 2532 angulo³
1139 2463 1196 2526 vir,
1220 2463 1271 2533 qui
1294 2480 1442 2535 nunquam

399 2557 489 2609 maria
504 2553 734 2608 transfretaverit
757 2554 793 2607 ob
817 2552 1019 2606 addiscendam
1043 2551 1227 2622 sapientiam,
1243 2552 1356 2606 scholas
1378 2553 1441 2624 phi·

398 2645 582 2716 losophorum
605 2662 662 2696 non
680 2641 916 2712 frequentaverit,
939 2646 1021 2695 tanta
1043 2641 1206 2696 eruditione
1229 2641 1345 2706 clareat,
1361 2647 1444 2696 tanta

398 2734 537 2788 librorum
570 2733 778 2804 compositione
812 2731 918 2800 ubique
951 2731 1059 2784 mundo
1092 2730 1272 2798 innotescat;
1307 2731 1357 2786 sed
1388 2729 1443 2786 hoe

397 2841 455 2876 non
479 2842 540 2879 esse
567 2822 731 2875 mirandum
764 2821 825 2891 ipso
847 2809 935 2874 idem
969 2818 1062 2884 docet,
1086 2819 1136 2890 qui
1159 2820 1237 2874 inter
1270 2809 1330 2874 no.¹
1351 2820 1442 2876 bate

398 2913 466 2967 vitat
491 2921 520 2968 et
544 2912 686 2965 mirabilis
719 2909 847 2964 scientiae
883 2909 1039 2963 monachos
1062 2905 1113 2963 est
1135 2909 1270 2976 nutritus,
1303 2909 1442 2980 quicquid

398 3003 527 3056 scientiar
544 2989 727 3054 habueraut⁶
742 3017 827 3053 omne
843 2999 898 3052 hoe
921 2998 982 3069 ipse
1006 2997 1036 3050 in
1060 2989 1126 3051 imo
1141 2997 1236 3052 cordis
1255 2998 1300 3051 sni
1314 2999 1442 3065 vasculo,

230 3086 270 3135 He
283 3087 328 3134 has·
342 3087 384 3135 the
400 3092 511 3160 Spiritu
545 3091 651 3144 Sancto
676 3089 872 3151 illuminante,
905 3082 1122 3142 converterat.
1169 3087 1319 3142 Habuerat
1341 3079 1443 3143 etiam

228 3153 363 3266 ffisfffie
398 3199 458 3249 pra
482 3181 575 3234 oeulis
598 3179 711 3249 copiam
734 3177 829 3232 omnis
851 3176 967 3245 generis
990 3175 1140 3240 librorum,
1164 3193 1236 3246 quos
1257 3176 1345 3230 abbas
1374 3195 1443 3232 suus

228 3285 338 3346 brought
351 3286 384 3349 by
398 3270 582 3333 Benedictus,
607 3269 684 3322 inter
706 3267 765 3322 alia
788 3267 901 3322 diversa
932 3279 1112 3328 emanente,
1136 3264 1292 3320 donatione
1317 3266 1442 3337 Aposto-

228 3351 348 3425 Benedict
398 3358 520 3412 licomm
542 3357 686 3412 vitaliani
709 3363 738 3411 et
760 3355 935 3426 Agathonis,
959 3345 1003 3410 ad
1026 3354 1234 3409 monasterium
1255 3367 1353 3410 suum
1375 3373 1442 3412 oon·

227 3417 330 3479 B¹s⁰⁰¹¹
397 3448 512 3502 tulerat.
559 3447 701 3501 Praeterea
723 3452 786 3500 erat
808 3451 838 3500 et
859 3463 894 3499 eo
929 3449 1057 3514 tempore
1091 3461 1147 3514 quo
1170 3460 1278 3514 magna
1312 3444 1442 3500 scientias

222 3506 384 3624 fffhffl‘fffls
396 3537 492 3592 studia
515 3536 672 3590 floruerant
695 3535 725 3586 in
748 3533 868 3604 Anglia,
892 3533 1007 3605 quando
1029 3533 1196 3587 Theodorus
1210 3533 1442 3606 archiepiscopus

222 3641 345 3689 domans
396 3633 425 3680 et
456 3627 544 3680 abbas
576 3625 732 3688 Adrianus,
765 3628 917 3694 peragrata
951 3622 1056 3687 insula,
1095 3611 1347 3693 quaquaversum¹
1383 3613 1442 3678 ubi

222 3707 331 3756 ΛΜΨ·
395 3722 496 3785 gentes
519 3715 780 3777 commorabantur,
805 3712 916 3766 scholas
939 3728 1084 3766 sacrarum
1100 3711 1186 3774 simpl
1207 3717 1237 3766 et
1259 3711 1443 3766 secularium

395 3805 546 3859 literarum
569 3803 771 3866 instituebant,
799 3807 833 3855 ut
855 3801 1020 3871 quicunque
1050 3806 1189 3871 euperent
1210 3799 1331 3866 erudiri,
1355 3801 1441 3856 habe·

394 3901 461 3950 rent
495 3895 664 3966 inpromptu
687 3891 842 3960 magistros
877 3890 927 3959 qui
959 3890 1104 3943 docerent.
1159 3889 1245 3946 Unde
1277 3889 1339 3960 ipse
1361 3890 1442 3945 Beda

394 3983 514 4055 loquens
524 3985 559 4038 de
569 3983 623 4049 his,
640 3983 658 4006 ‘⁸
673 3980 787 4035 Indicio
803 3980 877 4044 est,'’
894 3978 1000 4050 inquit,
1018 3978 1127 4048 “quod
1142 3995 1233 4050 usqua
1248 3979 1441 4052 hodiesuper·
1455 3986 1537 4050 Beda,
1547 3987 1617 4039 ΗΞ,

395 4075 413 4097 “
439 4081 507 4127 sunt
530 4073 565 4127 de
581 4089 681 4126 eorum
697 4069 847 4140 discipulis
870 4069 920 4139 qui
944 4067 1077 4121 Latinam
1090 4066 1278 4140 arenamque
1301 4067 1443 4140 linguam,
1456 4052 1490 4102 ¹¹·
1503 4059 1527 4104 ²·

394 4163 412 4186 “
438 4181 519 4233 aeque
534 4167 568 4216 ut
583 4161 729 4232 propriam
745 4160 849 4229 inqua
869 4158 931 4210 nati
948 4163 1027 4222 sunt,
1045 4158 1183 4211 norunt.”
1219 4158 1269 4213 Ab
1283 4157 1329 4212 his
1343 4175 1444 4214 eorum

393 4250 542 4323 discipulis
585 4250 712 4321 prudens
754 4247 907 4302 institutus
949 4246 1125 4312 adolescens,
1156 4247 1188 4301 in
1226 4248 1292 4318 lege
1323 4247 1443 4302 Domini

428 4446 436 4478 ¹
453 4446 567 4510 scriptis]
589 4443 733 4508 scripturis,
744 4443 775 4491 B.
789 4443 820 4493 G.
940 4477 947 4490 .
966 4476 973 4490 .
991 4477 997 4489 .
1016 4477 1022 4490 .
1039 4439 1160 4503 seientia,
1183 4439 1282 4492 instead
1304 4439 1335 4492 of
1356 4441 1441 4491 which

426 4523 618 4587 ²diacipulaiu]
640 4521 802 4585 disciplinatu
817 4518 892 4581 beati,
939 4519 1011 4570 these
1040 4517 1117 4568 MSS.
1146 4517 1225 4571 insert
1252 4521 1320 4586 quod
1349 4519 1441 4587 singuli

394 4602 425 4650 B.
439 4603 468 4653 C.
482 4601 532 4658 ἃς
550 4600 698 4660 beatissimi,
711 4601 740 4651 C.
752 4600 782 4649 E.
796 4601 825 4649 F.
940 4598 1026 4649 before
1037 4598 1185 4649 habuerant

426 4680 558 4745 3απιφιὶο]
579 4681 613 4728 sit
624 4681 669 4728 ina.
685 4680 713 4728 B.
727 4679 757 4730 C.
767 4679 800 4728 D.
810 4680 838 4728 F.
851 4680 884 4730 G.
971 4675 1151 4743 *habueram
1171 4677 1303 4738 habuerat,
1313 4676 1345 4727 B.
1359 4677 1391 4729 G.

454 4760 507 4825 aa]
527 4759 595 4808 viros
614 4760 660 4808 ina
679 4758 710 4807 B.
729 4758 759 4810 C.
777 4759 850 4807 D.E.
862 4759 892 4808 F.
972 4753 1211 4822 ‘quaquvasaatJ
1231 4756 1294 4817 sive,
1305 4758 1351 4807 ins.
1364 4756 1398 4808 G.

393 4842 435 4903 G„
454 4839 572 4904 omitting
590 4838 634 4888 the
652 4839 736 4887 words
754 4837 893 4887 monachos
