3410 5840
430 896 494 964 518
853 905 1040 964 aramma.

260 1126 405 1178 Areatas·
485 1101 534 1166 De
569 1101 632 1166 hoe
676 1100 837 1186 Egbercto
879 1108 991 1180 aliquid
1038 1109 1165 1164 breviter
1203 1099 1338 1164 dicetur.
1397 1097 1493 1161 Este

261 1211 294 1259 ⁰¹³
312 1195 415 1257 egbert.
430 1203 565 1287 quidam
615 1204 655 1268 de
711 1204 813 1288 stirpe
861 1203 961 1288 regis,
997 1200 1133 1266 Csowifi
1179 1202 1266 1286 regis
1334 1205 1491 1285 patruus

431 1304 475 1367 iii.
508 1303 595 1368 filios
628 1304 754 1381 habuit,
790 1303 1002 1379 Eadbertum,
1035 1303 1244 1389 Ecgbertum,
1291 1299 1491 1386 Ecgoedum

432 1405 597 1471 Ceowlfus
621 1407 748 1472 intrans
771 1401 1005 1472 monasterium
1023 1405 1289 1469 Lindisfameuse
1305 1403 1492 1468 monachus

431 1509 538 1574 fuctus
561 1515 619 1582 est,
651 1509 720 1574 filio
754 1509 865 1595 patrui
898 1509 951 1572 sui
985 1507 1151 1572 Eadberto
1174 1527 1312 1593 reguum
1343 1506 1492 1571 derelin-

433 1632 544 1695 quens.
590 1620 750 1689 Ecgbcrtus
773 1632 860 1682 vero,
885 1609 1030 1694 ejusdem
1061 1609 1147 1694 regis
1169 1610 1288 1683 fratem
1306 1618 1336 1670 iu
1359 1615 1491 1670 infantia

435 1709 560 1764 traditus
597 1727 614 1762 a
652 1715 733 1779 patre
771 1709 802 1762 iu
841 1709 1059 1772 monasterium,
1095 1708 1274 1778 provectiore
1310 1712 1393 1762 astute
1416 1723 1489 1760 cum

436 1799 524 1852 fratre
547 1799 676 1868 Ecgredo
699 1800 843 1869 profectus
867 1797 1000 1861 Romam,
1025 1811 1082 1873 pro
1113 1789 1289 1853 sanctitate
1311 1788 1390 1850 viiae
1415 1787 1492 1850 dia-

435 1900 536 1943 eonus
559 1879 682 1942 ibidem
706 1878 878 1942 ordinatus
902 1883 973 1955 esi,
996 1893 1166 1956 mortuoque
1188 1888 1229 1940 ibi
1253 1888 1341 1940 fratre
1359 1887 1491 1957 patriam

434 1995 575 2041 reversus,
599 1983 739 2048 regnante
763 1977 888 2031 Coowlfo
912 1984 998 2047 atque
1031 1967 1256 2051 compellente,
1288 1979 1398 2046 primus
1421 1981 1493 2046 post

435 2066 600 2130 Paulinum,
617 2065 656 2120 ut
679 2058 871 2141 praedicium
896 2063 953 2131 est,
977 2072 1093 2136 eccepto
1116 2056 1226 2142 palliO,
1242 2067 1273 2120 in
1296 2066 1493 2135 archiepisco-

435 2163 535 2226 patum
558 2163 601 2209 est
625 2157 821 2219 confirmatus,
857 2161 886 2209 et
909 2173 960 2226 per
983 2169 1062 2210 XXX.
1078 2175 1169 2210 annos
1192 2155 1298 2218 tenuit,
1322 2153 1492 2210 mortuus·

435 2270 497 2332 que
521 2249 557 2311 iu
572 2249 701 2332 porticu
718 2249 860 2312 eeclesiae
875 2249 1023 2332 sepultus
1039 2255 1095 2312 est.
1155 2247 1259 2332 Cujus
1274 2247 1491 2333 pontificatus

434 2373 520 2414 enno
537 2351 616 2413 xxii.
635 2351 818 2416 Eadbertus
834 2373 901 2426 rex,
917 2351 1019 2416 frater
1034 2351 1112 2436 ejus,
1128 2351 1222 2436 regni
1238 2351 1289 2414 sui
1305 2371 1391 2414 anuo
1408 2350 1491 2424 xxi,

434 2453 622 2538 relinquens
646 2476 783 2538 reguum
807 2453 875 2517 filio
909 2476 968 2517 suo
1004 2453 1127 2529 Osulfo,
1162 2481 1192 2516 se
1216 2465 1247 2516 in
1270 2462 1408 2516 clericatu
1433 2462 1492 2516 Dei

435 2554 552 2607 servitio
583 2553 771 2623 mancipavit,
805 2549 839 2606 et
872 2544 908 2608 in
932 2566 970 2607 eo
1001 2570 1090 2622 usque
1112 2552 1150 2607 sd
1173 2553 1260 2608 finem
1283 2554 1352 2606 vitm
1378 2563 1492 2626 perse-

434 2633 572 2709 veravit,
597 2633 835 2716 defunctusque
858 2642 889 2695 iu
913 2642 1012 2696 casdem
1045 2643 1157 2712 porticu
1189 2655 1264 2697 cum
1287 2632 1387 2695 fratre
1410 2653 1490 2696 eon-

435 2723 525 2786 ditus
549 2728 606 2786 est.
653 2731 742 2786 Porro
757 2731 990 2802 archiepiscopus
1003 2732 1162 2802 Eegbertus
1178 2749 1369 2786 successorem
1384 2730 1492 2786 habuit

435 2821 599 2886 Albertum,
633 2822 682 2891 qui
725 2819 779 2874 vii⁰
816 2823 927 2892 accepti
962 2821 1144 2892 episcopatus
1175 2841 1252 2877 anno
1286 2822 1323 2876 ab
1357 2819 1491 2874 Adriano

435 2928 511 2981 papa
532 2902 659 2986 aceepit
681 2911 811 2980 pellium.

267 3017 415 3066 Alpem
482 3000 544 3068 Quo
568 2997 644 3053 xiiii⁰
666 3017 743 3054 anuo
767 3001 811 3054 sui
836 3001 1008 3070 pressula-tus
1031 3001 1164 3063 obeunte,
1189 2999 1354 3054 Eanbaldus
1370 3000 1491 3054 ordine·

267 3084 384 3132 Eanbssld
395 3083 416 3131 1·
437 3094 485 3142 tur
508 3107 560 3160 pro
584 3089 645 3154 ille,
662 3095 804 3158 regnante
828 3089 978 3144 Elfwaldo.
1026 3089 1192 3144 Eanbsldus
1226 3103 1304 3145 vero
1336 3087 1408 3143 xvii⁰
1443 3089 1490 3142 sui

437 3177 699 3249 archiepiscopatus
737 3197 814 3233 aiiuo
853 3179 989 3242 moriens,
1036 3180 1161 3234 alterum
1200 3179 1391 3244 Esubaldum,
1438 3180 1491 3250 qui

436 3266 565 3336 ejusdem
615 3269 743 3323 ecclesiae
782 3270 931 3341 presbyter
976 3271 1080 3333 fuerat,
1126 3287 1317 3324 successorem
1360 3269 1491 3338 reliquit,

436 3363 577 3425 regnante
602 3358 749 3412 Eardulfo.

268 3459 417 3512 Succession
485 3447 554 3500 Post
577 3447 758 3500 Esubaldum
782 3448 891 3502 Wisius
921 3450 998 3502 rexit
1032 3449 1321 3520 archiepiscopatum,
1357 3447 1491 3502 Eanredo

269 3530 296 3578 of
309 3528 383 3578 arch·

267 3595 379 3658 bishops.

437 3543 587 3606 regua-nte.
634 3537 762 3590 Moriens
780 3544 877 3590 sutem
901 3539 1018 3603 Wlsius,
1043 3539 1234 3593 Wimuudum
1257 3539 1358 3592 habuit
1380 3555 1489 3592 sueces-

437 3646 541 3692 sorem,
565 3627 686 3698 presiate
709 3645 777 3696 rege
800 3633 947 3695 regnante.
1004 3627 1057 3682 Oui
1081 3627 1141 3682 xvi⁰
1157 3628 1337 3700 episcopatus
1352 3629 1396 3682 sui
1412 3645 1490 3682 anuo

438 3730 575 3783 morienti
598 3729 706 3783 Wlsere
730 3731 868 3783 successit
901 3731 930 3782 iu
964 3731 1252 3802 archiepiscopatum.
1299 3729 1354 3800 Qui
1386 3731 1491 3784 xl⁰vii⁰

438 3821 549 3890 accepti
573 3820 753 3889 episcopatus
777 3837 852 3872 anno
884 3821 946 3872 uita
980 3821 1128 3888 decedens,
1161 3839 1352 3876 successorem
1374 3821 1488 3874 AEthel-

439 3909 557 3962 baldum
579 3909 690 3971 habuit,
715 3900 773 3983 qui
801 3913 902 3979 quarto
936 3901 1148 3984 pontificatus
1181 3903 1234 3964 sui
1268 3929 1345 3965 suno
1369 3911 1490 3981 pellium

440 3999 559 4069 accepit.
607 3998 751 4051 Defuncto
774 4003 870 4052 autem
904 3999 1090 4054 AEthelbu-ldo
1114 3999 1251 4054 successit
1275 3999 1489 4054 Lothewardus.

440 4088 509 4142 Post
532 4105 617 4156 quem
634 4087 781 4142 Wlstauus
797 4089 872 4140 rexit
887 4089 1046 4143 ecclesiam.
1087 4091 1140 4144 Cui
1151 4087 1489 4161 successitOschytellus,

439 4183 469 4232 et
507 4195 558 4248 per
596 4177 654 4230 xvi.
690 4195 780 4229 unitos
818 4177 969 4231 eeclesiam
1007 4197 1120 4248 regens,
1160 4180 1263 4234 habuit
1300 4196 1490 4234 successorem

441 4255 693 4332 Ethelwoidum,
717 4272 857 4336 regnante
881 4266 1025 4336 Eudgare,
1050 4269 1214 4322 Eadmuudi
1237 4269 1315 4338 regis
1331 4269 1400 4323 filio.

486 4355 542 4411 Sed
581 4373 646 4409 cum
686 4356 762 4410 idem
801 4346 1029 4411 Ethelwoldus
1053 4358 1224 4428 quietiorem
1248 4358 1339 4412 vitam
1386 4349 1491 4434 magis

439 4445 586 4514 diligeret,
612 4445 726 4499 oswald
749 4435 975 4520 Wigornensis
999 4437 1176 4523 episcopm,
1200 4443 1360 4524 cognatus
1377 4438 1492 4503 Oschi-

439 4525 521 4599 telli,
537 4535 663 4604 suscepit
685 4534 812 4589 ecclesiae
835 4534 966 4604 regimen
990 4555 1067 4591 auno
1089 4537 1298 4591 incarnationis
1329 4536 1491 4592 Dominicis

440 4621 662 4678 Dcccc⁰lxx⁰11⁰.
703 4623 847 4694 Sequente
888 4629 985 4680 autem
1040 4645 1116 4681 auno
1162 4627 1288 4682 Romam
1322 4626 1441 4684 veniens
1473 4643 1492 4680 a

440 4731 515 4784 papa
550 4712 707 4768 Benedioto
754 4713 878 4784 pallium
916 4707 1066 4792 suscepit.
1128 4706 1269 4773 Sanctus
1317 4705 1494 4771 Oswaldus

440 4792 711 4877 archiepiscopus,
749 4793 931 4859 Dominieae
978 4797 1214 4862 incarnationis
1260 4813 1414 4874 Dccccn,
1458 4802 1495 4860 et

1507 1607 1638 1673 Symeon.

1507 1677 1583 1725 nisi.
1597 1677 1663 1724 Emi

1507 1745 1637 1792 Duneim.

1506 1811 1534 1859 ii.
1549 1827 1574 1858 e.
1592 1816 1629 1857 ie.

1507 2733 1625 2798 Syme-ou
1638 2739 1664 2783 ds

1506 2802 1582 2851 arch.
1591 2804 1663 2882 Eheu.
1703 2809 1704 2818 ¹

1505 2886 1532 2932 p.
1545 2875 1638 2918 ‘Mi-s.
