3582 5798
696 870 856 920 recreer
879 869 1018 920 servaro.
1343 853 1384 922 75

331 1067 465 1138 plurimae
496 1072 641 1123 terrarum
675 1069 878 1140 possessiones,
913 1067 1071 1143 eidemque
1106 1068 1169 1124 loco
1195 1069 1232 1123 ab
1263 1073 1386 1139 utroque

331 1157 445 1214 collatae
480 1163 568 1228 sunt;
602 1158 823 1234 praepositoque
855 1157 993 1213 fratribus
1026 1157 1151 1222 Educta
1184 1157 1268 1227 cujus
1301 1176 1388 1230 supra
1402 1170 1515 1218 Eunomo

332 1247 530 1312 meminimus,
554 1247 605 1320 qui
629 1247 841 1302 Lineolnieneis
868 1247 996 1302 ecclesiae
1031 1253 1131 1318 posteo
1164 1248 1295 1319 pontifex
1319 1247 1386 1312 suit,
1400 1236 1506 1284 ΜΨ

331 1328 471 1393 antistes
493 1349 643 1392 reversus
665 1337 859 1407 wigorniam,
882 1327 1104 1392 ministerium
1128 1329 1216 1412 quod
1239 1349 1388 1413 suscepe-
1401 1301 1485 1351 abbat.

332 1437 385 1496 rat
407 1431 547 1496 devotus
571 1431 690 1506 tenuit,
715 1431 864 1495 exercuit
886 1429 1076 1495 indefessus.
1124 1430 1270 1516 Eratque
1293 1429 1387 1496 blan-

333 1531 395 1596 dus
418 1532 483 1617 piis
506 1537 540 1596 et
562 1535 774 1608 mansuetus3
798 1531 841 1596 ad
863 1531 1030 1616 improbos
1052 1537 1164 1597 autem
1187 1553 1254 1596 non
1279 1532 1388 1597 indul-

331 1633 432 1719 gebat
454 1632 636 1710 blanditiis,
661 1633 716 1697 sed
741 1653 823 1717 quos
846 1653 913 1698 non
936 1639 1008 1698 erat
1031 1635 1067 1697 in
1099 1635 1195 1720 virga
1228 1634 1389 1720 frangere,

332 1735 418 1822 ferro
441 1735 564 1800 mederi
588 1755 656 1800 non
679 1733 861 1800 differebat.

378 1837 554 1902 Exultavit
584 1837 707 1922 ubique
741 1838 902 1902 seminare
936 1859 1047 1903 semen
1079 1844 1239 1914 sanctum,
1273 1859 1388 1924 parare
1402 1839 1505 1888 osward

332 1939 476 2005 Domino
520 1939 650 2025 plebem
694 1940 880 2025 perfectam,
914 1941 1090 2026 ejectisque
1136 1943 1388 2007 enormitatibus
1400 1905 1493 2022 {2333
1491 1989 1543 2022 me

334 2042 591 2108 conversationis
614 2043 771 2128 antiquae,
795 2057 904 2122 septem
928 2053 1103 2107 monasteria
1131 2053 1163 2108 in
1196 2053 1314 2110 dioecesi
1337 2039 1529 2109 suamm-

334 2143 530 2232 regulariter
552 2153 701 2222 inetituit;
725 2145 892 2230 reparavit
915 2144 1040 2209 cultum
1065 2167 1163 2230 quem
1193 2147 1388 2232 antiquave-

334 2253 387 2312 rat
419 2247 589 2332 occupatio
627 2246 826 2332 pravitatis;
859 2247 1030 2332 multaque
1062 2235 1288 2312 sollicitudine
1318 2249 1388 2333 ejus

335 2349 541 2414 monasteriis
564 2348 731 2434 praedictis
746 2347 989 2433 quamplurima
1005 2349 1128 2413 donata
1142 2355 1221 2413 sunt
1243 2377 1279 2414 ex
1293 2361 1388 2413 muni-

335 2461 452 2517 ficentia
474 2451 560 2537 regis
586 2451 708 2537 Edgari
723 2465 754 2514 et
780 2459 904 2514 aliorum
927 2460 1102 2532 principum,
1127 2473 1208 2537 quos
1231 2453 1389 2518 sanctitas

336 2555 407 2638 ejus
430 2555 466 2618 in
482 2554 691 2620 dilectionem
715 2553 778 2617 sibi
802 2553 1027 2619 inclinaverat.

381 2665 665 2720 Wincbelcumbenrd
688 2683 756 2720 vero
779 2665 965 2730 monasterio,
989 2665 1067 2736 quod
1090 2665 1125 2720 de
1154 2673 1264 2738 septem
1298 2685 1389 2722 unum
1403 2665 1544 2716 Germanus

242 2780 248 2792 ·
338 2761 409 2822 erat,
433 2746 608 2832 praefatum
644 2755 821 2810 Germanum
853 2755 885 2808 in
917 2755 1049 2809 abbatem
1081 2755 1237 2820 ordinarit,
1263 2763 1293 2812 et
1324 2731 1520 2848 aliisffbffldgf

338 2845 462 2916 singulis
484 2845 614 2916 singulos
638 2845 771 2915 probatos
794 2845 872 2898 viros
895 2844 1011 2898 abbates
1035 2846 1204 2916 proposuit;
1226 2847 1262 2901 de
1285 2847 1389 2918 quibus
1402 2865 1533 2916 winchel,

338 2935 456 3005 quidum
480 2935 631 2990 Folbertus
654 2934 772 2988 nomine
796 2933 961 2988 Pereorenei
993 2933 1132 3000 ecclesiae,
1165 2953 1229 3005 quse
1261 2954 1320 2990 una
1354 2937 1389 2991 de
1403 2933 1498 2981 combe·

339 3029 449 3096 raptem
472 3023 596 3079 abbatiis
619 3029 691 3088 erat,
716 3023 747 3076 in
771 3023 904 3078 abbatem
938 3024 1076 3094 praelatus
1109 3030 1170 3094 est;
1193 3025 1238 3078 vir
1261 3012 1533 3080 moribueAssdFffl·

337 3113 445 3182 gravis,
469 3117 499 3169 et
533 3113 762 3168 ferventissimus
785 3113 878 3168 cultor
910 3113 1078 3168 monastica
1112 3114 1315 3181 institutionis,
1340 3115 1390 3170 sed
1403 3079 1534 3194 ffirrtsflgm

339 3205 369 3258 in
392 3203 523 3258 subditos
546 3203 709 3258 indisereta
726 3203 898 3258 severitatis.
945 3192 978 3257 Is
993 3193 1034 3258 de
1057 3194 1165 3258 medio
1181 3195 1298 3272 factus
1315 3218 1389 3261 cum

337 3319 454 3383 eorpus
469 3297 539 3382 ejus
563 3295 715 3362 exanime
738 3299 987 3381 componeretur
1009 3296 1044 3358 in
1060 3296 1188 3372 feretro,
1203 3297 1391 3362 astantibus

338 3400 395 3486 qui
419 3399 566 3484 exequiis
589 3397 820 3484 invigilabant,
843 3407 936 3462 erexit
967 3425 1007 3472 ee,
1035 3403 1070 3462 et
1092 3403 1207 3485 stupor
1229 3400 1507 3466 incutiturFolbert

338 3502 509 3566 universis.
568 3499 696 3580 Quibus
734 3509 915 3580 fugientibus
953 3521 1021 3585 prae
1054 3501 1178 3578 timore,
1214 3502 1390 3586 praedictus
1403 3475 1541 3592 {lffldw

339 3614 501 3670 Germanus
523 3604 560 3667 in
581 3603 708 3666 virtute
742 3601 820 3667 fidei
842 3601 928 3665 nibil
962 3601 1119 3668 haesituns
1151 3613 1280 3679 accessit,
1308 3627 1391 3690 prae-
1404 3607 1454 3657 list·-

339 3709 490 3795 cepitque
514 3705 647 3792 spiritui
671 3706 706 3769 in
730 3705 831 3769 verbo
853 3704 999 3782 Domini,
1023 3710 1070 3783 ut,
1094 3706 1121 3770 si
1145 3729 1187 3772 ex
1202 3707 1273 3772 Deo
1296 3713 1389 3784 esset,

340 3811 371 3876 ei
396 3809 583 3875 novitatem
605 3807 686 3872 faeti
713 3811 747 3871 et
778 3807 974 3871 reversionis
1008 3827 1138 3872 causam
1171 3809 1333 3892 aperiret;
1357 3815 1391 3873 et

339 3913 533 3978 defunctus:
561 3907 762 3986 “licturus''
786 3908 905 3993 inquit,
939 3913 1073 3994 “grates
1106 3909 1209 3972 Beato
1236 3909 1390 3974 Oswaldo
1404 3918 1441 3966 To
1455 3917 1541 3994 reeriry

341 4023 356 4049 “
380 4014 472 4092 redii,
496 4012 589 4097 cujus
612 4010 757 4098 dignitas
780 4009 972 4074 meritorum
997 4010 1032 4073 in
1054 4016 1229 4095 conspectu
1246 4010 1390 4088 Domini,
1402 3985 1563 4116 {Ziffisaved

340 4125 356 4150 “
380 4116 512 4181 veniam
543 4113 626 4178 mihi
660 4112 855 4198 impetravit
888 4111 1090 4177 delictorum.
1137 4113 1225 4176 Nam
1260 4124 1390 4178 eBeato
1403 4117 1515 4206 through,

340 4229 356 4254 “
381 4227 537 4284 Benedieto
569 4225 600 4279 in
636 4223 777 4279 visionem
801 4222 855 4278 Dei
878 4213 1064 4298 perductus,
1087 4235 1161 4279 curn
1184 4215 1266 4278 mihi
1291 4217 1386 4302 trapi·
1404 4183 1529 4234 ⁰⁵w³¹⁶⁸

342 4332 357 4356 “
381 4321 475 4386 deret
497 4317 706 4394 conscientia,
741 4319 909 4383 accusaret
940 4315 1020 4392 vita,
1051 4317 1158 4402 accepi
1195 4338 1216 4382 a
1249 4317 1391 4383 Domino

342 4433 359 4460 “
382 4446 441 4510 pro
475 4421 601 4486 meritis
625 4419 721 4484 Beati
752 4416 899 4483 Oswaldi
927 4418 1171 4482 immunitatem
1198 4441 1314 4504 pcenae,
1344 4444 1393 4486 se-

343 4535 359 4561 “
383 4525 559 4592 curlbalem
594 4519 737 4587 salutis.''
784 4519 913 4599 Quibus
936 4519 1034 4584 dictis
1058 4529 1209 4594 conticuit,
1225 4536 1256 4584 et
1277 4537 1395 4603 accepto

342 4625 450 4680 viatico
474 4621 621 4678 Dominici
645 4619 772 4692 corporis
795 4618 950 4673 dimidium
976 4619 1054 4674 diem
1084 4619 1252 4691 supervixit,
1286 4613 1396 4697 sicque

343 4727 448 4785 iterato
480 4725 561 4780 obitu
599 4711 800 4779 obdormivit
830 4711 865 4776 in
901 4711 1052 4777 Domino.
1099 4712 1207 4793 Quam
1241 4713 1397 4799 praeelaru

1404 4267 1514 4316 pruvera
