3538 5800
643 874 804 924 sucrorm
828 871 1001 921 nanneno.
1298 856 1340 921 33

286 1059 492 1126 intuentium
515 1059 615 1145 abjici
630 1061 683 1124 vir
707 1059 1014 1146 providentissimus
1033 1059 1143 1145 jussit.
1191 1059 1342 1144 Denique

286 1163 526 1227 animadvertit
559 1163 736 1227 nonnullos
769 1163 857 1227 inter
886 1184 921 1226 se
953 1162 1030 1226 inde
1068 1161 1168 1247 loqui,
1203 1169 1238 1226 et
1271 1183 1341 1226 rem

285 1263 375 1328 ultra
398 1285 497 1348 quarn
520 1263 586 1328 sibi
616 1262 711 1328 eorde
744 1267 829 1327 esset
860 1262 1050 1327 extollendo
1084 1262 1248 1327 admirari.
1295 1261 1340 1325 Et

285 1364 368 1428 mihi
392 1365 527 1449 quidem
550 1365 616 1430 duo
639 1363 719 1440 haec,
743 1385 818 1449 quae
842 1363 882 1428 de
906 1386 992 1449 pane
1027 1364 1157 1450 signato
1188 1363 1338 1448 proxime

295 1466 383 1532 facta
392 1465 580 1544 retulimus,
603 1466 926 1544 considerantium
952 1465 1098 1530 alienum
1130 1465 1173 1529 ab
1195 1464 1337 1529 admira-

285 1569 376 1633 tione
408 1589 478 1633 esse
513 1570 688 1656 perpende,
725 1568 788 1634 hoc
826 1567 951 1634 scilieet
984 1566 1175 1634 irrationale
1215 1566 1339 1631 animal

285 1671 509 1756 praecipitasse
532 1671 573 1735 de
595 1671 667 1736 vita
689 1670 725 1734 in
747 1675 896 1747 mortem,
920 1669 1008 1754 quod
1030 1667 1154 1733 animal
1177 1668 1338 1732 rationale

287 1772 466 1836 sullevavit
488 1793 508 1837 a
531 1777 636 1837 morte
671 1772 706 1835 in
740 1772 854 1836 vitam.
906 1771 1058 1836 Proiecto
1090 1777 1211 1835 natura
1243 1772 1338 1856 panis

287 1874 400 1937 eadem
436 1875 471 1937 in
504 1873 561 1938 illo
595 1896 669 1959 quae
704 1874 740 1936 in
771 1873 835 1937 isto
869 1873 953 1952 fuit3
994 1879 1028 1937 et
1061 1873 1337 1957 quemadmodum

288 1978 384 2040 homo
419 1999 513 2062 pane,
545 1977 592 2042 sic
630 1981 664 2040 et
696 1997 792 2040 sorex
823 1975 926 2039 alitur
957 1996 1050 2060 pane.
1091 1974 1195 2054 ‘Quod
1234 1975 1339 2060 igitur

286 2078 413 2142 bomini
451 2076 586 2155 vitalis,1
619 2077 716 2142 sorici
747 2077 855 2142 factus
885 2082 935 2141 est
958 2076 1124 2156 exitialis;
1160 2099 1228 2142 non
1260 2079 1337 2142 sub·

287 2180 445 2245 stantiam
469 2181 572 2266 ponis,
596 2179 654 2245 sed
676 2179 832 2244 meritum
856 2177 990 2264 respicit
1005 2180 1203 2245 sanctissimi
1225 2181 1339 2265 patris,
1391 2173 1393 2176 ’

289 2283 346 2367 qui
368 2283 493 2367 ubique
516 2287 550 2347 et
572 2281 609 2345 in
631 2281 758 2346 cunctis
780 2301 903 2366 parvus
926 2286 961 2346 et
982 2279 1145 2346 humilis2
1167 2287 1285 2347 extans
1304 2284 1340 2347 in

288 2383 390 2449 oeulis
413 2384 490 2460 suis,
513 2403 653 2470 magnus
677 2388 749 2449 erat
779 2383 816 2447 in
846 2383 963 2450 oculis.
981 2383 1045 2448 Dei
1068 2389 1168 2469 atque
1191 2384 1339 2449 sullimis

290 2485 387 2565 Quod
424 2486 512 2551 inter
545 2485 612 2551 alia
649 2507 687 2551 eo
717 2483 919 2572 probatur;³
948 2487 1027 2571 quia
1065 2508 1107 2550 ne
1139 2487 1246 2551 dicam
1280 2486 1339 2564 illi,

290 2589 355 2664 sed,
379 2587 468 2672 quod
493 2588 604 2652 minus
627 2593 686 2665 est,
708 2587 788 2653 locis
818 2586 938 2672 quibus
972 2610 1032 2673 per
1054 2590 1142 2653 vices
1165 2589 1342 2654 insistere4

289 2689 424 2768 solebat,
448 2688 516 2754 Sua
538 2689 630 2754 Deus
644 2689 849 2774 protectione
872 2693 907 2754 et
921 2690 1135 2774 correptione,
1158 2713 1201 2755 ne
1224 2692 1267 2757 ab
1289 2692 1340 2755 in-

290 2791 400 2877 dignis
423 2796 667 2876 occuparentur,
692 2790 895 2856 intendebat.
942 2791 1009 2857 Sed
1039 2791 1124 2857 ferte
1139 2815 1207 2858 non
1230 2794 1339 2860 erede-

290 2899 346 2957 tur
368 2893 409 2957 iis
432 2913 506 2978 quae
538 2892 687 2970 dicimus,
717 2893 747 2956 si
780 2914 820 2958 ea
852 2893 1021 2960 declarem
1053 2895 1241 2981 exemplum
1273 2917 1340 2961 non

291 2995 491 3082 subjicimus

336 3101 388 3165 29.
417 3097 533 3162 Frater
555 3099 690 3183 quidam
713 3104 793 3176 erat,
817 3099 1016 3185 professione
1051 3105 1085 3165 et
1117 3099 1236 3164 habitu
1270 3123 1339 3166 mo·
1353 3106 1470 3156 Amonk

291 3199 425 3277 uaehus,
448 3201 581 3265 nomine
604 3201 810 3288 AEgelricus.⁵
855 3201 922 3267 Hic
944 3202 1069 3267 laxatis
1092 3203 1211 3268 balneo
1235 3225 1338 3268 mem·
1353 3172 1509 3302 ssflfflggl'

292 3302 458 3380 briscam
474 3302 580 3367 fessus
595 3303 761 3387 quiescere
777 3324 859 3389 opus
875 3303 1020 3381 haberet,
1035 3305 1125 3370 locus
1141 3306 1273 3390 quietis,
1288 3329 1340 3372 vae
1353 3305 1503 3368 frequented

292 3403 480 3471 miser01⁶
471 3427 500 3468 rs
534 3405 659 3490 primus
693 3406 843 3484 occurrit,
867 3428 964 3491 quem
987 3409 1194 3473 venerandus
1220 3409 1341 3495 praesul
1353 3370 1437 3436 b⁸5⁰
1425 3373 1510 3421 Μ’

204 3552 207 3558 ,
293 3507 466 3573 Oswaldus
504 3506 616 3571 sedere
653 3506 860 3592 frequentius
898 3531 1021 3574 morem
1058 3509 1210 3579 habebat
1263 3511 1342 3577 Non

294 3633 370 3698 ergo
392 3610 518 3675 veritus
542 3609 753 3675 sanctitatem
776 3609 848 3689 loci,
879 3633 978 3696 quam
1001 3612 1114 3679 fuerat
1136 3636 1179 3679 ex
1200 3617 1340 3680 assidui-

293 3718 363 3779 tate
386 3711 551 3798 pontificis
584 3717 711 3790 nactus,
736 3713 772 3776 in
798 3735 836 3778 eo
865 3735 935 3779 sese
961 3715 1088 3800 dejecit,
1112 3738 1226 3782 somno
1257 3717 1342 3782 inibi

293 3837 331 3881 ac
353 3815 442 3881 dulci
465 3815 576 3900 quiete
608 3813 703 3878 velut
735 3815 799 3878 sibi
832 3816 1049 3901 pollicebatur
1081 3817 1250 3885 fruiturus.
1298 3821 1343 3884 Et

289 3917 359 4002 jam
382 3917 604 4002 quiescentem
627 3915 711 3980 lenis
733 3937 829 4001 sopor
851 3918 1002 3996 involvit,
1026 3918 1084 3984 sed
1106 3920 1228 4006 absque
1251 3943 1343 3988 mora

294 4041 369 4084 eum
391 4019 529 4104 abipsa
551 4018 662 4103 quiete
685 4017 812 4082 irruens
842 4018 1028 4083 daemonum
1052 4021 1233 4086 multitudo
1255 4029 1343 4088 atro·

292 4121 375 4186 citer
396 4120 530 4186 evolvit.
591 4119 716 4184 Astaut
738 4120 860 4205 quippe
884 4120 934 4183 illi
956 4121 1066 4206 plures
1088 4124 1248 4188 teterrimi
1277 4125 1343 4211 spi-

291 4223 384 4300 ritus,
408 4227 443 4288 et
465 4221 508 4288 ab
531 4243 569 4287 eo
592 4220 745 4286 districta
768 4221 1012 4289 examinatione
1029 4227 1235 4310 perquirunt,
1254 4249 1343 4314 quae-

327 4472 334 4504 ¹
354 4471 457 4538 vitalis]
470 4469 603 4564 ¹salutaris,
613 4472 648 4521 A.
660 4471 693 4520 B.
876 4473 886 4506 ⁵
905 4473 1061 4543 AEyelricm]
1083 4479 1246 4546 Egelrichus,
1257 4481 1289 4532 B.

326 4551 500 4698 :223ae
511 4552 673 4695 ρῖῗῇξὲωτ,
684 4631 714 4680 Β.
870 4593 886 4686 '⁶
902 4597 1002 4685 qaietir,
1019 4613 1057 4645 voe
1074 4597 1175 4663 misero]
1196 4599 1272 4662 quieti
1291 4617 1344 4652 susa

328 4712 339 4745 ⁴
352 4727 400 4777 per
415 4711 491 4792 'oica
506 4711 633 4776 Meiere]
658 4707 799 4774 persistere,
842 4690 956 4737 ΝΜ
968 4676 999 4726 Β·

295 4793 327 4842 Β.
384 4872 477 4923 0575.
1193 4894 1213 4940 c
