3538 5800
414 859 457 921 42
681 871 862 921 MIRACULA
885 872 1007 921 SANOTI
1031 873 1184 922 OSWALDI

412 1057 561 1139 audaces,
584 1057 724 1125 audacia
745 1057 967 1144 multiloquos,
1001 1057 1250 1144 multiloquium
1284 1060 1465 1136 mendaces,

412 1161 619 1227 mendacium
642 1159 742 1227 saciat
765 1159 801 1224 in
831 1160 963 1246 incepto
994 1160 1185 1247 pertinaces.
1234 1160 1363 1242 Quibus
1386 1163 1466 1227 dum

413 1263 548 1349 quidam
571 1263 661 1328 ultra
684 1283 818 1348 aequum
840 1263 877 1326 in
899 1262 1065 1328 audiendo
1088 1263 1315 1350 adquiescunt,
1339 1266 1467 1351 optima

413 1365 509 1452 siqua
530 1364 597 1429 fuit
618 1365 660 1430 de
682 1365 832 1430 bonitate
856 1365 927 1450 jam
962 1364 1111 1431 defuncti
1142 1365 1232 1432 fama
1254 1366 1407 1446 decurrit,
1431 1372 1465 1432 et

413 1491 487 1554 quae
509 1469 546 1534 in
568 1467 704 1533 vivente
726 1468 822 1554 signa
844 1471 978 1553 patrata
1000 1473 1087 1544 sunt,
1111 1473 1225 1532 utrum
1255 1491 1276 1536 a
1307 1469 1379 1536 Deo
1413 1492 1466 1536 oo·

412 1572 562 1637 ronanda
583 1591 628 1636 au
651 1569 840 1636 damnanda
862 1568 987 1634 sintin
1011 1568 1150 1635 dubium
1172 1570 1275 1636 venit.
1323 1571 1376 1635 Ex
1399 1593 1465 1656 quo

412 1673 569 1759 procedit,
603 1677 797 1760 suggerente
844 1670 983 1738 humani
1021 1671 1149 1757 generis
1185 1671 1289 1750 hoste,
1327 1679 1366 1738 ut
1403 1695 1465 1740 nec

413 1775 508 1861 probi
539 1797 645 1840 mores
679 1775 846 1860 propriam
880 1774 932 1838 sui
965 1773 1165 1860 dignitatem
1199 1775 1382 1854 obtineant,
1404 1798 1465 1842 nee

413 1877 471 1963 qui
494 1877 568 1942 illos
590 1877 750 1953 imitetur,
773 1876 957 1962 praesertim
989 1897 1064 1942 oum
1095 1876 1124 1939 is
1157 1876 1275 1960 quiin
1308 1877 1355 1941 eis
1387 1899 1464 1943 con-

413 1984 564 2044 versatus
587 1985 638 2044 est
661 1979 831 2064 despectui
846 1978 995 2055 habetur,
1011 1977 1108 2044 facile
1130 1979 1320 2063 reperiatur.
1367 1979 1464 2060 Quod

413 2081 545 2168 quando
579 2081 628 2157 fit,
660 2081 714 2146 cui
747 2080 873 2166 judicio
911 2079 975 2145 Dei
1009 2079 1114 2166 magis
1147 2081 1377 2148 ascribendum
1411 2083 1463 2159 sit,

414 2182 545 2250 difficile
567 2183 761 2250 advertitur.
808 2182 972 2268 Equidem
1003 2182 1109 2248 multa
1131 2188 1211 2248 sunt
1228 2183 1357 2269 judicia
1391 2184 1463 2262 Dei,

412 2290 447 2352 et
470 2293 487 2320 ‘¹
496 2283 635 2370 jaaltoia
658 2285 729 2371 ejus
752 2283 889 2370 abyssus
911 2282 1050 2349 multc.’'
1098 2283 1238 2364 Quando
1260 2289 1374 2350 autem
1397 2286 1462 2349 vir-

412 2393 503 2454 tutes
525 2409 607 2474 quas
639 2388 676 2452 in
709 2386 845 2452 vivente
877 2385 1056 2472 operatur,¹
1087 2387 1124 2450 in
1146 2387 1261 2452 eodem
1282 2388 1361 2454 huic
1383 2388 1462 2455 vitae

411 2497 564 2578 exempto
586 2491 657 2556 sive
691 2511 749 2576 per
782 2509 898 2575 corpus
933 2489 1012 2574 ejus,
1046 2489 1116 2554 sivo
1146 2509 1206 2575 per
1227 2490 1373 2576 aliquam
1396 2513 1462 2556 me-

412 2593 550 2659 moriam
582 2592 663 2678 ejus,
696 2591 768 2656 sive
801 2612 861 2678 per
894 2611 964 2655 rem
997 2589 1101 2655 ullam
1133 2612 1207 2676 quae
1230 2591 1311 2655 dum
1334 2592 1463 2658 viveret

243 2693 377 2760 Thegooc
412 2695 523 2760 fuerat
555 2695 634 2779 ejus,
657 2698 717 2759 aut
751 2691 997 2778 quomodolibet
1029 2691 1126 2756 aliter
1163 2697 1318 2778 operatur
1353 2695 1463 2780 gratia

243 2762 295 2876 {¹12⁰}
296 2763 384 2878 iffi&
412 2820 480 2876 sua,
503 2797 647 2883 profecto
672 2796 823 2882 quamvis
846 2795 910 2882 ipsi
934 2815 1027 2860 servo
1061 2816 1120 2859 suo
1155 2815 1253 2880 quem
1285 2797 1464 2894 assumpsit

245 2892 383 2945 ofesaint.
411 2899 474 2965 hoc
496 2901 605 2984 ipsum
627 2898 767 2964 fortasse
790 2918 857 2962 non
879 2896 1024 2961 multum
1039 2897 1194 2974 conferat,
1216 2902 1329 2963 tamen
1351 2921 1463 2986 super-

412 3002 547 3067 stitibus
570 3000 637 3066 suis
661 2999 774 3087 procul
805 2999 907 3065 dubio
941 2998 1085 3065 fructum
1117 2999 1297 3086 plurimum
1329 3003 1461 3068 conibrt.

412 3104 499 3169 Nam
533 3109 567 3168 et
599 3103 687 3169 mala
721 3125 795 3188 quae
815 3101 914 3188 paulo
946 3105 1024 3166 ante
1056 3103 1383 3168 commemoravimus
1416 3105 1462 3169 ois

411 3206 564 3272 omnibus
586 3205 704 3285 aufert,
729 3210 763 3270 et
785 3205 873 3269 bona
895 3202 1014 3288 quibus
1045 3203 1249 3284 inservierat,
1272 3227 1372 3292 quam
1394 3208 1463 3271 sint

410 3309 648 3396 amplectenda,
672 3330 771 3395 quam
787 3307 983 3384 veneranda,
1007 3327 1106 3392 quarn
1122 3307 1286 3374 imitanda
1301 3310 1461 3397 designat.

410 3413 509 3479 Unde
532 3412 605 3477 laus
628 3417 660 3477 et
683 3411 866 3498 gratiarum
889 3409 976 3476 aetio
999 3409 1071 3474 Deo
1097 3409 1255 3488 redditur,
1278 3409 1337 3477 et²
1358 3413 1463 3480 honor

410 3521 444 3582 et
466 3514 652 3580 reverentia
674 3513 737 3578 Dei
760 3510 886 3578 famulo
916 3511 1101 3590 exhibetur,
1125 3512 1213 3578 salus
1247 3519 1281 3578 et
1314 3515 1462 3582 remissio

410 3620 618 3704 peccatorum
641 3619 849 3700 comparatur
871 3613 918 3678 eis
941 3635 1081 3699 quorum
1112 3613 1148 3677 in
1181 3613 1304 3680 talibus
1339 3638 1393 3682 oor
1427 3623 1462 3682 et

410 3740 484 3786 caro
507 3717 662 3782 exrdtant
684 3721 718 3781 et
736 3714 884 3802 jubilant
906 3714 977 3779 Deo
1008 3715 1095 3780 vivo.
1144 3715 1324 3784 Fructuose
1357 3719 1462 3805 igitur

410 3823 497 3886 fiunt
518 3821 612 3908 signa
635 3841 694 3906 per
716 3817 873 3904 suffragia
903 3817 1143 3896 defunctorum,
1167 3821 1299 3904 quando
1333 3842 1391 3906 per
1423 3843 1462 3887 ea

410 3930 462 3990 tot
484 3925 570 3990 bona
593 3927 746 3990 creantur
768 3921 812 3986 ad
846 3941 928 4008 opus
951 3923 1052 4006 atque
1082 3919 1265 4006 profectum
1301 3921 1462 3989 Christia-

409 4050 535 4094 norum.
582 4027 627 4090 Et
666 4025 800 4111 quidem
824 4021 1088 4088 Christianorum
1112 4025 1278 4111 profectus
1300 4027 1460 4112 gaudium

410 4133 548 4218 generat
590 4148 699 4193 coram
737 4125 808 4230 Dap
845 4129 880 4190 et
916 4124 1042 4210 angelis
1081 4125 1170 4212 Ejus.
1229 4127 1315 4193 Cum
1346 4129 1459 4215 itaque

413 4233 455 4298 ob
477 4231 633 4295 meritum
655 4227 794 4312 alicujus
817 4225 923 4291 fidelis
947 4225 1008 4291 Sui
1030 4226 1105 4313 pius
1137 4227 1227 4294 Deus
1250 4251 1288 4294 ea
1320 4229 1400 4295 facit
1421 4232 1459 4296 in

412 4333 518 4408 terris,
541 4353 583 4396 ex
607 4329 725 4416 quibus
748 4349 857 4394 coram
881 4327 924 4394 Se
954 4333 989 4393 et
1022 4329 1148 4416 angelis
1172 4330 1249 4396 Suis
1279 4331 1458 4416 gratulatio

410 4433 564 4522 provenit
585 4434 621 4497 in
643 4432 738 4509 caelis,
762 4430 846 4497 forte
877 4431 1008 4518 probari
1042 4437 1152 4518 potest
1175 4431 1315 4498 eundem
1350 4433 1458 4520 ipsum

280 4540 282 4548 ’
412 4539 449 4603 in
486 4559 545 4602 sua
577 4536 649 4600 vita
686 4556 843 4620 magnum
878 4532 988 4620 quod8
1019 4555 1057 4601 ac
1082 4539 1244 4622 praestans
1266 4535 1458 4622 obsequium

445 4736 453 4770 ¹
472 4735 605 4802 operatur]
626 4736 784 4802 operabatur,
798 4735 827 4783 B.
990 4733 1001 4766 ³
1019 4731 1099 4799 quod]
1119 4733 1228 4798 aliquod,
1240 4736 1271 4786 B.

442 4817 506 4884 ὀὶ]
527 4830 578 4866 om·
592 4817 625 4865 A.
733 4857 735 4860 .
