3530 5790
618 921 858 977 ancrrarssors
881 929 924 976 or
948 929 1051 980 roan.
1288 925 1352 987 323

346 1105 500 1184 Processu
525 1131 603 1175 vero
627 1113 784 1199 temporis
808 1113 899 1180 misit
923 1137 999 1179 eum
1022 1117 1180 1201 praefatus
1211 1141 1270 1183 rex
1293 1119 1350 1183 Al·-

300 1206 407 1273 fridus
429 1211 466 1274 in
489 1211 623 1290 Gallias
639 1219 678 1278 ut
700 1215 763 1280 sibi
789 1217 921 1300 suisque
938 1218 1125 1302 specialiter
1140 1221 1351 1287 ordinaretur

300 1311 479 1398 episcopus,
511 1315 605 1400 eique
640 1317 834 1382 individuus
869 1341 975 1384 comes
1006 1341 1045 1386 ac
1076 1324 1224 1388 sacerdos
1252 1331 1347 1399 esset,

300 1419 334 1475 et
367 1413 481 1480 doctor
511 1416 699 1483 catholicus.
761 1420 964 1486 Ordinatus¹
996 1429 1047 1486 est
1070 1423 1182 1509 itaque
1206 1425 1347 1492 Sanctus
1360 1441 1501 1496 consecra-

299 1513 473 1580 Wilfridus
496 1520 667 1604 episcopus
689 1523 778 1606 apud
802 1523 1042 1608 Compendium
1075 1526 1118 1590 ab
1148 1512 1509 1614 Agilbertowedhnhop.

298 1613 496 1683 Parisiorum
519 1621 776 1708 episcopocum
800 1647 865 1709 quo
889 1631 923 1690 et
945 1627 1004 1691 aiii
1027 1628 1179 1693 undecim
1202 1631 1346 1718 episcopi

297 1719 529 1804 convenientes
552 1723 696 1788 multum
727 1725 903 1792 honorifice
935 1729 1158 1794 ministerium
1188 1732 1345 1819 impleve-

296 1825 381 1884 runt.
428 1823 571 1888 Rediens
604 1832 716 1892 autem
747 1827 945 1893 wilfridus³
979 1831 1195 1909 Britanniam,
1220 1840 1254 1898 et
1288 1859 1346 1921 per·
1360 1845 1491 1926 tyorksin

210 1987 214 1994 ,
296 1921 448 1988 Cantiam
486 1925 630 2004 veniens
664 1928 741 2012 quia
779 1931 871 1993 sedes
904 1929 1150 1998 Cantuariensis
1189 1934 1345 2002 defuncto
1359 1912 1433 1960 nent.

295 2020 443 2088 Honorio
466 2027 710 2113 archiepiscopo
732 2030 880 2107 vacabat,
904 2037 938 2094 et
961 2031 1149 2097 Theodorus
1180 2035 1345 2100 necdumi

295 2125 338 2188 ad
375 2127 485 2191 sedem
523 2151 616 2194 suam
650 2137 794 2208 venerat,
828 2131 899 2217 ipsc
937 2132 1110 2198 Wilfn‘dus
1149 2137 1184 2199 in
1224 2135 1344 2203 Cautio

295 2228 503 2314 presbyteros
526 2236 560 2295 et
582 2232 744 2309 diaconos,
767 2255 870 2318 nsque
895 2234 974 2297 dum
1006 2235 1268 2324 archiepiscopus
1300 2242 1342 2304 ad

294 2330 404 2394 sedem
439 2354 531 2396 suam
564 2335 760 2417 perveniret,
784 2335 957 2400 ordinabat
969 2360 976 2415 ;
999 2337 1108 2422 sicque
1147 2339 1189 2402 ad
1233 2362 1341 2426 regem

294 2429 462 2496 Alfridum
485 2435 688 2518 perveniens,
713 2437 801 2520 apud
825 2437 1080 2502 Hestoldesharn
1103 2440 1213 2504 sedem
1238 2443 1280 2505 ab
1304 2466 1341 2508 eo

293 2534 508 2618 episcopalem
531 2537 664 2622 accepit.
712 2537 793 2601 Haec
816 2538 904 2602 inter
926 2539 1134 2623 supradictus
1158 2541 1339 2608 Eboracen-

292 2635 337 2698 sis
359 2637 627 2722 archiepiscopus,
645 2637 786 2702 Sanctus
803 2637 922 2714 Cedda,
945 2641 1090 2723 quietam
1114 2643 1218 2728 magis
1235 2645 1337 2710 vitam

292 2735 439 2825 diligens
470 2741 605 2804 dimisso
628 2741 920 2827 archiepiscopium,
947 2743 999 2805 in⁵
1022 2755 1229 2808 monasterium
1254 2774 1338 2810 suurn

292 2851 322 2904 iu
357 2841 536 2922 Irestingaci⁰
574 2853 700 2907 secessit.
750 2843 793 2908 Et
832 2845 973 2909 Sanctus
1013 2845 1187 2910 Wilfridus
1226 2871 1337 2914 curam

292 2943 505 3008 Eboracensis
546 2945 688 3010 ecclesiae
727 2946 892 3010 invitante
939 2969 1014 3032 rege
1054 2947 1166 3012 Oswio
1203 2954 1337 3036 accepit,

290 3067 416 3110 necnon
440 3051 474 3110 et
497 3047 643 3110 omnium
668 3047 979 3125 Northumbrorum,
1002 3049 1059 3112 scd
1093 3055 1128 3112 et
1162 3049 1337 3130 Pictorum,

291 3169 459 3232 quousque
481 3169 540 3212 rex
564 3149 695 3213 Oswius
718 3149 892 3234 imperium
915 3148 1109 3234 protendere
1132 3156 1267 3235 poterat.

337 3246 452 3300 Mortuo
485 3243 596 3302 autem
629 3264 696 3318 rege
720 3246 814 3302 Oswio
838 3248 975 3303 successit
997 3248 1135 3318 Egiridus
1158 3249 1236 3304 filius
1267 3269 1336 3306 snus
1349 3265 1464 3331 ngridq

289 3337 320 3389 in
355 3353 488 3405 regnum,
518 3336 568 3406 qui
601 3341 665 3408 post
697 3337 815 3390 Beatam
849 3337 1064 3403 Etheldredam,
1099 3355 1184 3408 quam
1217 3341 1429 3396 nominesueen

291 3430 374 3480 tenus
390 3424 544 3495 conjugem
567 3425 662 3496 primo
682 3425 813 3492 duxerat,
830 3417 1074 3496 Ermenburgam⁷
1097 3429 1215 3482 sortitus
1238 3435 1282 3484 est
1296 3423 1335 3485 ¹in
1348 3400 1472 3516 ffiffieq.

288 3515 516 3568 matrimonium.
555 3515 591 3568 in
608 3513 690 3584 cnjus
713 3515 797 3569 corde
812 3515 959 3584 malignus
980 3515 1071 3570 hostis
1095 3516 1150 3570 sibi
1177 3518 1334 3590 hospitium

288 3603 402 3670 fecerat,
425 3603 475 3656 uhi
509 3603 640 3657 odiorum
673 3609 703 3658 et
725 3601 844 3658 invidiae
877 3609 978 3658 contra
1008 3605 1131 3658 Beatum
1165 3606 1333 3661 Wilfridum

288 3693 416 3746 fomenta
439 3692 605 3756 conficiens,
629 3710 680 3764 per
713 3692 845 3762 linguam
877 3693 1008 3750 mulieris
1041 3693 1171 3748 incendit
1203 3697 1334 3750 animum

288 3782 366 3850 regis
389 3771 431 3836 ad
454 3781 654 3852 expulsionem
677 3799 766 3851 usque
789 3781 945 3853 pontificis.
993 3781 1050 3836 Sed
1073 3779 1142 3852 quia
1164 3801 1214 3838 rex
1238 3788 1332 3856 ponti-

287 3871 369 3925 ficem
393 3870 428 3926 de
451 3888 504 3924 sua
526 3871 592 3925 sede
615 3876 721 3942 praeter
743 3888 914 3925 consensum
948 3871 1090 3925 Theodori
1124 3872 1331 3946 archiepiscopi

287 3959 393 4031 pellere
418 3959 567 4030 nequibat,
591 3959 742 4014 mandavit
764 3959 979 4031 archiepiscopo
1002 3965 1036 4014 ut
1058 3961 1186 4027 adesset;
1211 3963 1330 4018 auditis·

286 4061 349 4124 que
384 4067 454 4120 quas
489 4054 667 4104 accusatores
702 4039 773 4122 ejus
796 4049 940 4104 finxerant
971 4050 1075 4116 causis,
1106 4052 1206 4120 pulsus
1229 4057 1273 4108 est
1295 4054 1331 4108 ab
1343 4052 1446 4130 Wiltrid
1458 4057 1478 4106 is

284 4138 452 4210 episcopatu
477 4127 619 4194 Sanctus
649 4137 801 4194 wilfridus
832 4155 909 4192 anno
931 4139 967 4192 ab
991 4139 1196 4195 Incamatione
1212 4141 1331 4197 Domini
1342 4121 1474 4174 ΝΜ·

315 4430 324 4462 ¹
344 4429 498 4496 ordinatus]
518 4444 567 4494 que
578 4431 624 4478 ins.
637 4431 671 4479 A.
858 4427 868 4459 ⁸
885 4429 925 4495 ia]
947 4431 988 4491 sd,
1000 4430 1033 4480 G.

313 4507 376 4558 πσὺ
400 4505 545 4573 Apitberto]
567 4523 582 4558 a
602 4507 724 4567 Gilberto,
746 4509 779 4557 A.
857 4505 1050 4572 meusque]
1088 4507 1248 4575 Lestingaen,
1277 4512 1324 4574 ας

280 4586 312 4636 Β.
332 4587 367 4636 D.
384 4586 417 4636 F.
437 4586 484 4646 G.;
501 4587 533 4635 ab
552 4585 706 4652 Angilberto
724 4595 782 4649 post
824 4587 986 4653 Lastingaen,
999 4589 1032 4637 I).
1045 4589 1076 4638 F.
1089 4589 1137 4648 G.;
1155 4590 1327 4654 Lastyngacn,

279 4665 396 4716 Gewisde
408 4672 478 4724 tunc,
489 4665 518 4714 C.
825 4669 858 4715 Δ.
871 4667 902 4716 Β.

311 4743 322 4776 ³
345 4741 493 4806 Witsridus]
514 4743 541 4792 in
554 4745 600 4792 iun
614 4743 645 4794 G.
856 4744 866 4782 ⁷
885 4743 1097 4810 Ermenturqam]
1119 4747 1328 4811 Emburgarn,A.

220 4833 222 4838 '
312 4821 449 4886 ⁴necdum]
470 4823 590 4880 nondum,
602 4821 635 4872 G.
824 4825 855 4873 B.
870 4823 898 4875 C.
911 4825 945 4873 D.
958 4824 1005 4884 F.;
1024 4823 1191 4888 cutburgam,
1204 4827 1236 4876 G.

1126 4919 1195 4980 xa
