3530 5790
411 823 479 892 400¹
675 843 776 893 sirus
799 844 843 892 or
866 843 936 894 run
958 845 1196 896 uncusrsnors

233 1045 361 1123 nudosa
407 1031 535 1109 ultimo,
551 1053 591 1096 ex
616 1031 772 1098 mandato
796 1031 978 1097 Alexandri
1001 1053 1096 1119 papae
1112 1039 1218 1099 totam
1241 1033 1386 1100 Scotiam
1408 1033 1458 1098 in·

236 1113 361 1163 mierum.
406 1135 553 1211 terdixit,
577 1139 742 1220 stragem
766 1135 1073 1212 excommunicavit,
1097 1157 1135 1206 eo
1158 1137 1248 1222 quod
1270 1136 1456 1204 iohannem

406 1238 592 1323 episcopum
617 1238 759 1324 recipere
782 1237 900 1304 noluit.

238 1335 382 1454 Thggefftl}
451 1339 548 1404 Vixit
569 1344 680 1404 antem
704 1339 852 1427 Rogerus
874 1340 910 1404 in
940 1339 1248 1428 archiepiscopatu¹
1272 1363 1332 1406 suo
1355 1343 1459 1408 xxvii.

235 1415 372 1536 3303?
404 1443 508 1506 annis.
556 1441 684 1522 Quibus
707 1441 902 1528 completis,2
925 1443 1010 1508 obiit
1038 1443 1128 1529 apud
1152 1441 1394 1522 schireburne,³
1416 1444 1459 1510 vi

404 1543 564 1610 kalendas
602 1544 801 1621 Decembris,
845 1565 935 1610 anno
977 1545 1161 1612 Dominicae
1203 1545 1459 1611 incarnationis⁴

403 1663 584 1723 mclxxxi,
607 1647 700 1732 regni
731 1667 810 1712 varo
846 1645 976 1732 praefsti
1008 1647 1095 1732 regis
1122 1646 1262 1714 Hsnrici
1284 1648 1401 1726 xxvii,
1423 1653 1458 1714 ct

401 1747 436 1812 in
460 1749 568 1813 medio
591 1749 681 1813 chori
704 1748 871 1814 ecclcsiae⁵
886 1749 982 1814 Beati
1006 1747 1096 1814 Petri
1120 1748 1343 1827 Eboracamia
1359 1771 1456 1835 quem

400 1852 471 1936 ipse
509 1852 550 1916 de
589 1871 675 1916 novo
714 1856 952 1928 construxerat,
991 1849 1170 1918 honorifice
1208 1851 1359 1938 sepultus
1397 1859 1456 1918 est.

400 1953 479 2020 Post
502 1953 596 2036 cujus
619 1953 747 2018 obitum
770 1953 862 2018 sedes
884 1954 1083 2040 pontificalis
1106 1953 1320 2022 Eboracensis
1342 1976 1401 2045 per
1424 1978 1454 2022 x.

399 2076 503 2125 annos
525 2056 630 2124 fertur
651 2077 791 2122 vacasse.

632 2343 687 2411 Dn
710 2343 916 2410 Gnnrruno⁶
938 2359 1217 2410 nncnmrrscoro

233 2539 354 2607 (κοίτη,
445 2516 643 2582 Tricesimus
681 2517 843 2582 secundus
877 2517 1092 2583 Eboracensis
1126 2516 1272 2582 ecclesiae
1310 2517 1454 2604 suscepit

231 2607 374 2736 iiiiii&
401 2620 547 2705 regimen
577 2619 756 2697 Galfridus,
790 2620 880 2684 filius
914 2620 1000 2706 regis
1034 2619 1172 2684 Henrici
1205 2619 1349 2684 Secundi
1382 2620 1454 2684 bas·

230 2738 323 2804 syn).
399 2722 522 2800 tardus,
547 2721 599 2786 vir
614 2723 746 2807 quidem
771 2743 899 2808 magnae
921 2722 1131 2787 abstinentiae
1155 2727 1190 2786 et
1204 2743 1341 2787 summac
1363 2723 1454 2808 puri·

230 2807 300 2856 al).
313 2811 384 2858 ¹¹⁸⁹·
398 2826 488 2902 tatis,
512 2826 569 2910 qui
601 2825 692 2912 prius
724 2825 767 2890 ad
799 2826 1025 2912 episcopatum
1048 2823 1288 2890 Idneolniensis
1310 2825 1453 2890 ecclesiae
1507 2863 1514 2874 ·

397 2929 529 3005 electus,
553 2935 588 2995 et
619 2927 660 2993 de
692 2927 865 2998 voluntate
904 2927 1098 3014 patrissui
1136 2949 1204 2992 non
1238 2933 1451 3006 consecratus,

396 3031 621 3117 episcopatum
645 3029 789 3114 reliquit.

440 3132 514 3210 Hic,
531 3153 618 3198 anno
634 3129 795 3198 Domini⁷
811 3147 1021 3210 mclxxxlm,
1037 3131 1150 3196 eodem
1165 3131 1344 3197 videlicet⁸
1365 3153 1452 3198 anno

393 3256 460 3320 quo
483 3239 578 3320 pater
601 3256 680 3298 suus
703 3233 868 3300 Henricus
899 3254 959 3297 rex
992 3233 1084 3310 obiit,
1109 3239 1143 3299 at
1166 3233 1327 3300 Ricardus
1349 3235 1452 3301 frater

395 3337 466 3421 ejus
488 3337 576 3422 patri
600 3337 776 3400 succedens
799 3337 836 3400 in
858 3357 969 3422 regam
991 3341 1166 3401 coronatus
1189 3340 1248 3413 est,
1264 3335 1385 3402 electus
1407 3337 1449 3404 ad

395 3438 711 3525 archiepiscopatum
727 3438 871 3504 ecclesiae
887 3437 1101 3504 Eboracensis
1124 3439 1248 3503 curiam
1267 3437 1449 3505 Romanam

394 3541 486 3618 adiit,
526 3546 561 3606 et
598 3561 685 3607 anno
716 3540 853 3604 Domini
886 3539 1017 3605 munel?
1051 3545 1259 3606 consecratus
1291 3541 1447 3628 Angliam

394 3665 544 3709 reversus
576 3649 634 3708 cst.
682 3642 786 3729 Cujus
810 3643 1023 3730 pontificatus
1046 3664 1133 3708 anno
1165 3660 1248 3720 xva,
1272 3645 1329 3730 qui
1363 3649 1413 3710 est
1422 3644 1447 3684 ¹⁰

394 3745 577 3812 Dominicae
607 3745 845 3811 incarnationis
876 3761 1016 3822 uccvn„
1051 3745 1145 3830 regni
1181 3767 1260 3810 vero
1282 3744 1447 3812 Johannis

393 3849 489 3934 regis,
505 3849 616 3914 fratris
639 3848 720 3934 ejus,
737 3848 793 3934 qui
810 3847 951 3914 Ricardo
964 3847 1061 3913 fratri
1083 3869 1142 3914 suo
1166 3847 1202 3912 in
1222 3870 1360 3934 regnum
1376 3872 1447 3916 snc-

393 3956 543 4028 cesserat,
566 3949 644 4026 viii„
667 3951 754 4015 idem
778 3971 836 4014 rex
870 3949 1039 4016 Johannes
1073 3950 1185 4037 exegit
1208 3957 1242 4016 et
1273 3952 1361 4038 cepit
1382 3958 1447 4018 ter-

394 4053 638 4119 tiamdecimam
681 4057 809 4139 partem
841 4053 989 4118 omnium
1024 4051 1217 4118 catellorum
1249 4075 1308 4138 per
1340 4059 1444 4120 totam

427 4301 683 4368 ¹arctiepiscoparu]
698 4298 896 4365 episcopatud¹
975 4297 1144 4365 ⁶Galfrido]
1176 4300 1229 4351 filio
1252 4300 1320 4368 regis
1347 4301 1446 4353 Ebora-

426 4382 437 4414 ²
454 4378 592 4446 compleris]
611 4379 727 4443 expletis,
740 4379 771 4430 G.
941 4379 1018 4440 canai,
1032 4381 1079 4430 ine.
1093 4382 1123 4431 Β.
1137 4381 1170 4432 G.

427 4460 438 4493 ³
458 4457 634 4523 Scliredume]
656 4457 790 4516 Shirburn‚
813 4456 845 4506 B.
866 4458 895 4509 C.
972 4457 1117 4525 ⁷Domim]
1151 4459 1292 4510 Dominicae
1327 4459 1442 4514 inerma-

395 4541 427 4590 1)..
442 4539 473 4590 G.
486 4559 492 4599 ;
511 4535 704 4596 Schircsburun,
716 4536 750 4586 A.
939 4539 1025 4599 tionis,
1037 4539 1068 4591 F.
1082 4541 1114 4592 G.

427 4616 594 4667 ⁴Domiaicoe
617 4613 812 4680 immutationis]
842 4615 896 4665 Do·
971 4617 1129 4684 ⁸vt'delicct]
1151 4617 1304 4680 scilicetd.

394 4697 464 4758 mini,
476 4697 510 4747 A.
971 4696 982 4729 ⁹
999 4697 1099 4763 nurci]
1120 4695 1230 4758 mercii,
1241 4697 1273 4747 n.

428 4779 438 4812 ⁵
455 4773 577 4842 ecclesie]
598 4775 644 4824 ires.
657 4773 687 4824 Ε.
699 4773 730 4823 F.
743 4775 776 4828 G.
971 4775 991 4810 ¹⁰
1008 4777 1059 4848 ese]
1079 4791 1161 4830 annus
1172 4778 1217 4828 ina
1230 4779 1266 4834 A.
1278 4779 1310 4834 C.
