3582 5798
433 875 475 938 62
755 884 838 935 vrri
861 885 983 936 sancrr
1008 887 1164 936 oswium

263 1093 386 1142 Osanna
431 1091 557 1151 norum,
574 1071 769 1136 exteriorem
792 1070 959 1136 hominem
980 1075 1170 1148 extenuare,
1187 1071 1349 1136 aedificare
1372 1069 1488 1134 interi-

262 1157 379 1272 ypphful
432 1193 529 1249 orem,
548 1171 719 1238 levitatem
735 1172 835 1257 hujus
850 1173 961 1238 aetatis
976 1173 1098 1238 sociam
1114 1173 1291 1238 exturbare
1308 1171 1488 1258 satagebat.

264 1239 341 1287 Μ’
433 1275 614 1339 Nitebatnr
644 1274 804 1340 delicatus
836 1275 1026 1340 adolescens
1065 1296 1166 1360 supra
1201 1279 1335 1339 aetatem
1366 1274 1489 1348 vivere,

431 1397 626 1461 carnemque
649 1398 749 1462 quam
780 1376 882 1442 etiam
913 1378 1041 1442 natales
1068 1377 1171 1462 juxta
1200 1399 1322 1442 nomen
1353 1397 1489 1462 magno-

431 1500 504 1542 rum
521 1479 578 1564 qui
601 1484 680 1544 sunt
702 1479 738 1542 in
761 1482 849 1542 terra
871 1479 1078 1564 splendidam
1101 1479 1315 1545 reddiderant
1337 1478 1489 1562 an[h]elo

431 1581 551 1667 spiritu
567 1581 732 1666 obsequiis
752 1581 873 1646 animae
889 1582 1085 1668 mancipare.
1133 1583 1271 1648 Videres
1286 1582 1488 1668 gravitatem

431 1683 497 1746 viri
527 1685 563 1746 in
593 1705 703 1769 puer0,
726 1705 930 1769 puerumque
957 1685 1062 1748 ardua
1092 1685 1257 1760 scandere,
1280 1683 1489 1770 gredientem

432 1786 468 1848 in
490 1786 641 1872 abruptis
664 1787 836 1863 montium,
858 1787 916 1851 sed
937 1787 1056 1872 pratia
1078 1787 1225 1853 Domini
1248 1793 1321 1851 crat
1345 1809 1421 1852 cum
1444 1808 1487 1862 eo,
1501 1811 1528 1860 S.
1541 1813 1607 1862 Luc.
1620 1812 1649 1861 ii.

433 1887 568 1973 planum
599 1887 721 1952 faciens
751 1888 815 1953 iter
838 1889 873 1952 in
897 1889 1030 1954 brachio
1057 1893 1171 1954 saneto
1194 1889 1270 1954 Suo.
1327 1884 1542 1954 Gesnbatss·

433 1996 545 2054 tamen
583 1990 777 2055 thesaurum
815 1991 851 2054 in
886 2013 964 2056 vase
1002 1991 1108 2068 fictili,
1143 2013 1241 2076 quern
1279 1999 1320 2056 ut
1357 1991 1487 2057 cautius
1500 2013 1664 2064 acorna.

434 2091 631 2170 observaret,
654 2091 901 2177 amplexaretur
923 2093 1129 2179 diligentius,

266 2222 293 2273 1„
304 2223 384 2272 under
478 2193 630 2259 Adhaesit
652 2194 782 2259 cuidam
806 2204 842 2259 de
858 2205 1017 2276 pracipuis
1029 2205 1195 2276 Anglorum
1211 2205 1352 2278 patribus,
1368 2197 1486 2274 Odoni,
1501 2221 1621 2282 Eadmer,

267 2289 416 2405 3000331852
437 2294 598 2372 videlicet,
621 2295 718 2360 fratri
741 2297 844 2382 patris
868 2298 948 2383 ejus,
968 2297 1011 2362 ab
1035 2321 1073 2363 eo
1096 2299 1256 2364 doctrinis
1279 2300 1487 2376 imbuendus
1500 2303 1525 2350 P·
1538 2295 1561 2337 ²·

266 2423 348 2472 uncle.
436 2398 662 2464 instituendus
709 2401 878 2485 exemplis,
917 2401 1076 2486 quat-inus
1114 2425 1135 2467 a
1172 2425 1237 2488 quo
1274 2409 1489 2470 mutuaverat

436 2502 558 2567 lineam
590 2503 708 2580 carnis,
738 2505 781 2567 ab
811 2505 925 2568 eodem
964 2505 1098 2570 duceret
1132 2506 1253 2570 lineam
1291 2509 1488 2572 sanctitatis.

438 2604 519 2670 Erat
541 2605 629 2668 enim
652 2605 708 2670 cir
730 2612 847 2692 potens
878 2606 921 2670 in
943 2627 1038 2691 opere
1060 2614 1090 2671 et
1113 2628 1262 2673 teintona
1285 2631 1400 2674 coram
1422 2611 1490 2676 Deo
1503 2638 1605 2688 saue.

268 2707 402 2786 odqiran
437 2713 472 2772 ot
494 2707 692 2784 hominibus,
708 2709 796 2772 unde
821 2707 1036 2773 Ethelstanus
1058 2731 1118 2774 rex
1138 2709 1322 2796 Anglorum
1345 2733 1367 2776 a
1388 2712 1490 2777 latere
1503 2705 1576 2754 xxiv.
1593 2709 1634 2754 ¹⁹¹

268 2774 408 2908 {purperei
438 2833 513 2875 eum
536 2811 727 2896 frequenter
750 2811 895 2876 habebat
916 2812 952 2875 in
975 2813 1150 2877 eventibus
1176 2835 1294 2891 rerum,
1318 2815 1390 2901 ejus
1413 2837 1490 2880 usu-

269 2909 415 2961 athelstan.
438 2937 495 2979 rus
517 2915 704 2999 prudentia,
726 2920 760 2978 et
782 2914 897 2978 audito
921 2937 959 2980 eo
982 2915 1090 2979 multa
1112 2915 1261 2982 faciebat.
1323 2917 1374 2981 De
1397 2919 1491 3003 cujus

416 3017 621 3082 'virtutibus
649 3018 744 3102 quasi
775 3039 904 3081 summo
927 3017 1033 3102 digito
1057 3017 1170 3103 aliqua
1192 3017 1338 3084 delibare
1360 3021 1491 3085 curavi·

438 3141 519 3196 muS,
544 3125 583 3184 ut
610 3119 646 3182 in
677 3119 805 3184 modico
835 3120 1099 3204 experimentum
1130 3126 1282 3186 sumatur
1312 3123 1426 3200 totius,
1449 3145 1490 3188 ne

438 3243 570 3307 prorsus
609 3221 680 3308 ejus
724 3221 895 3307 ignoretur
932 3223 1093 3288 sanctitas
1131 3223 1226 3308 cujus
1267 3224 1490 3290 sollicitudine

439 3323 613 3388 Oswaldus
648 3328 761 3388 noster
794 3323 961 3388 virtutum
999 3324 1122 3389 finibus
1160 3327 1357 3412 proponitur
1391 3327 1489 3392 infor·

438 3425 587 3490 mondus,

484 3527 634 3607 Quodam
665 3529 779 3614 itaquo
801 3533 949 3614 tempore
979 3551 1053 3595 cum
1086 3531 1265 3616 praedictus
1297 3554 1355 3597 rex
1382 3533 1490 3598 insur-

437 3635 552 3715 gentes
576 3651 720 3716 paganos
743 3630 905 3696 debellare
928 3632 1115 3709 instituens,
1139 3633 1289 3719 belloque
1313 3633 1490 3700 hincinde

438 3733 594 3798 atrociter
610 3734 780 3799 commisso
804 3739 838 3798 et
860 3734 929 3819 ipse
953 3739 1118 3820 pugnaret
1140 3735 1175 3798 in
1196 3736 1315 3821 gladio,
1330 3738 1491 3802 inclinata

434 3835 504 3920 jam
528 3837 581 3900 die
602 3835 748 3902 invaluit
770 3837 898 3922 pondus
919 3837 1056 3913 bellici
1073 3847 1181 3901 nactus
1196 3853 1241 3902 est
1252 3846 1337 3918 juxta
1352 3850 1489 3920 capulum
1504 3861 1623 3923 ricomer,

438 3950 535 4020 regine
559 3951 642 4005 ensis.
705 3940 908 4003 Animantnr
930 3939 1041 4004 hostes
1072 3942 1106 4003 in
1134 3962 1289 4027 pugnam,
1313 3943 1527 4008 effunduntl'·
1540 3933 1564 3978 ³·

438 4043 533 4120 vires,
558 4044 685 4109 instant
708 4043 904 4127 importune,
923 4042 1163 4128 videbaturque
1187 4043 1266 4128 fuga
1289 4045 1357 4130 regi
1381 4046 1490 4109 immi-

439 4167 523 4226 nere.
571 4147 643 4211 Odo
666 4151 778 4210 autem
802 4145 956 4230 expausis
980 4145 1016 4208 in
1038 4145 1156 4209 caelurn
1185 4147 1338 4211 manibus
1361 4149 1490 4213 eminus

440 4249 558 4322 stabat,
574 4248 757 4333 prosperari
780 4248 816 4312 in
831 4242 916 4312 bello
932 4247 1067 4332 cupiens
1082 4248 1238 4333 ambigua
1256 4249 1327 4314 fata
1347 4272 1488 4314 suorum.

440 4349 587 4414 Tandem
618 4350 765 4414 insonuit
792 4350 913 4414 clamor
937 4350 1086 4414 Odonem
1114 4351 1216 4434 juxta
1246 4351 1328 4428 fieri,
1352 4353 1489 4438 ingemi-

440 4474 524 4517 nans
562 4458 786 4539 pugnaturum
815 4454 887 4538 jam
920 4475 986 4518 non
1024 4454 1059 4517 in
1091 4475 1192 4519 manu
1224 4455 1327 4540 gladii
1361 4457 1420 4522 sed
1455 4459 1490 4520 in

440 4555 566 4620 virtute
602 4555 739 4640 spiritus
777 4555 838 4633 sui,
865 4555 1005 4640 fusaque
1038 4557 1185 4621 oratione
1220 4557 1332 4643 pulsat
1363 4559 1490 4638 caelum,

440 4657 604 4724 auxilium
625 4679 774 4742 quaerens
795 4679 816 4722 a
839 4657 1001 4738 Domino;
1023 4663 1058 4722 et
1080 4665 1171 4724 ecce!
1192 4659 1323 4746 gladius
1345 4684 1367 4726 a
1388 4662 1491 4728 latere

441 4761 657 4848 reginmari
681 4782 795 4825 servus
825 4760 888 4826 Dei
913 4761 1042 4827 vibrare
1061 4761 1162 4846 jubet
1193 4762 1229 4826 in
1252 4763 1372 4841 hostes,
1395 4787 1492 4851 spon·
