3586 5802
605 898 650 947 ar
673 898 775 949 suos
797 899 867 948 rns
890 897 1062 948 casuros.
1288 885 1353 946 215
1387 865 1389 870 ’
1446 952 1449 958 Δ

299 1086 395 1163 dreae,
418 1090 452 1151 et
474 1085 522 1150 sic
543 1083 824 1171 archiepiscopum
846 1083 956 1150 creari.
1004 1081 1070 1150 Sed
1092 1082 1356 1170 archiepiscopus

299 1194 411 1255 noster
433 1193 468 1254 et
490 1193 614 1254 secreto
636 1193 671 1254 ot
693 1187 802 1274 palam
835 1187 871 1252 in
905 1187 997 1254 curia
1030 1187 1177 1252 ostendit
1209 1185 1355 1252 Scotiam

301 1293 342 1358 de
373 1311 474 1378 regno
496 1289 629 1378 Angliae
660 1311 738 1368 esse,
762 1295 797 1356 et
830 1311 940 1376 regem
964 1289 1154 1355 Scottorum
1176 1288 1218 1354 de
1242 1288 1355 1356 Scotia

300 1393 469 1459 hominem
506 1413 575 1458 esse
613 1391 699 1479 regis
736 1391 887 1477 Angliae:
918 1391 1007 1477 quod
1044 1391 1162 1456 debuit
1199 1390 1353 1457 dominus

301 1516 387 1582 papa
409 1496 457 1562 sio
486 1516 555 1560 esse
577 1493 725 1560 credidit.
769 1492 981 1580 Glesgucnsis
1015 1493 1186 1578 episcopus
1209 1493 1352 1578 querelae
1367 1498 1423 1550 The
1434 1499 1527 1564 bishop

300 1597 536 1683 archiepiscopi
559 1596 664 1661 nostri
686 1596 865 1682 respondit,
888 1617 923 1662 se
945 1615 1013 1661 non
1035 1600 1190 1661 vocatum
1213 1595 1352 1674 venisse,
1365 1566 1527 1698 ggyssllffi}

301 1704 359 1768 sed
392 1704 429 1768 in
462 1702 661 1789 legationem
696 1701 823 1768 domini
856 1701 909 1766 sui
943 1701 1029 1788 regis
1067 1700 1208 1782 Scotiae3
1238 1701 1353 1786 itaquo
1367 1698 1413 1749 ¹¹⁸⁸
1425 1715 1497 1750 come

296 1805 424 1891 judicio
461 1805 630 1870 decretum
661 1809 713 1869 est
743 1825 819 1869 oum
850 1803 948 1868 modo
971 1823 1038 1868 non
1060 1802 1178 1868 debere
1201 1803 1273 1889 cogi
1303 1824 1353 1868 re·
1367 1764 1486 1882 {lirim

301 1905 471 1992 spondere,
494 1906 551 1971 sed
574 1905 662 1970 diem
685 1904 736 1969 illi
758 1909 905 1970 statuero
928 1909 963 1969 et
985 1905 1137 1970 absentes
1159 1925 1218 1990 per
1240 1905 1354 1970 literas
1368 1913 1484 1976 purpose.

302 2009 428 2074 domini
450 2029 545 2094 papae
567 2029 780 2073 summouere.
827 2006 1076 2102 ¹(lantuariensis
1098 2013 1133 2072 ct
1166 2007 1227 2084 sui,
1251 2027 1354 2093 quan-
1369 1964 1476 2082 ἓξὲξ)

302 2115 375 2175 tum
409 2113 550 2196 poterat,
584 2110 660 2175 odio
692 2109 902 2196 professionis
936 2109 1117 2196 denegatae,
1151 2114 1265 2175 contra
1296 2130 1355 2175 nos
1369 2097 1526 2148 ⁰⁰¹¹⁸¹l³‘³‘·

302 2217 407 2290 crant,
442 2216 548 2278 totam
587 2211 798 2277 Britanniam
830 2210 1034 2297 provinciam
1069 2211 1133 2276 sibi
1165 2211 1355 2299 usurpando
1369 2185 1502 2318 gg&

302 2313 493 2391 clamantes,
516 2313 605 2380 unde
643 2313 798 2378 dominus
828 2334 915 2400 papa
947 2313 1147 2379 subridendo
1186 2319 1221 2378 et
1254 2319 1356 2400 caput
1369 2322 1515 2396 900910210

303 2415 475 2493 movendo,
498 2415 558 2479 uni
581 2437 695 2480 corum
717 2415 764 2480 sio
786 2415 891 2480 dixit:
915 2415 1061 2480 “Frater
1076 2415 1249 2503 indulgeat
1263 2415 1354 2482 tibi.”
1371 2393 1483 2502 ffiff,

303 2517 385 2582 Fuit
406 2521 520 2583 autem
554 2515 603 2581 ibi
626 2517 761 2604 quidam
783 2517 920 2584 clericus
942 2517 1072 2604 sapiens
1103 2523 1138 2583 et
1171 2517 1355 2585 causidicus
1371 2541 1472 2594 chart

302 2620 453 2696 famosus,
478 2617 688 2696 Gillebertus,
711 2623 929 2706 cognomento
951 2618 1138 2685 Universus
1158 2621 1213 2687 vol
1243 2620 1355 2708 potius
1371 2607 1512 2726 huniversi-

304 2718 521 2797 Universalis
548 2719 718 2806 justitiam
751 2719 918 2784 inversare
952 2720 1161 2799 contendens,
1191 2723 1357 2788 anostris
1392 2691 1412 2728 ⁵'

304 2844 440 2889 aversus
462 2827 497 2888 et
519 2820 626 2888 factus
649 2821 865 2888 adversarius.
928 2819 995 2901 Qui
1017 2842 1092 2888 cum
1115 2821 1359 2910 archiepiscopo

304 2931 417 2991 nostro
447 2946 557 2992 secum
597 2925 709 2989 venire
747 2923 958 3011 promisisset,
995 2929 1030 2989 et
1059 2945 1118 3010 per
1147 2924 1260 2991 literas
1282 2948 1359 2992 suas

304 3028 403 3094 semel
418 3031 453 3094 et
475 3027 597 3093 iterum
613 3026 810 3102 mandasset,
834 3031 948 3113 postea
964 3025 1195 3093 Cantuariensi
1210 3027 1361 3106 adhaesit,

304 3151 439 3217 sperans
461 3151 496 3195 se
520 3135 615 3195 tanto
654 3129 816 3216 copiosius
847 3133 1060 3215 accepturum
1091 3136 1217 3216 quanto
1253 3131 1359 3197 archi-

305 3232 515 3318 episcopatus
531 3231 588 3296 ille
604 3235 717 3296 nostro
740 3229 901 3316 copiosior
923 3231 1053 3296 divitiis
1076 3231 1233 3298 abundat.
1281 3232 1358 3311 Sed,

305 3334 377 3400 Dco
410 3349 570 3420 pauperes
602 3334 793 3419 adjuvante,
826 3354 886 3398 neo
924 3331 974 3397 illi
997 3333 1130 3419 profuit,
1154 3355 1214 3401 nco
1246 3339 1359 3402 nostro

306 3437 417 3502 obesse
441 3435 557 3513 valuit,
582 3441 616 3500 et
651 3457 724 3522 spes
747 3456 807 3500 sua
830 3457 905 3500 eum
929 3435 1140 3521 aliquantum
1162 3437 1301 3523 decepit,
1325 3443 1359 3502 et
1418 3519 1425 3531 ι

304 3561 326 3604 a
357 3538 556 3626 quibusdam
591 3539 628 3602 in
658 3536 750 3604 curia
781 3538 873 3604 curio
905 3539 1093 3624 appellatus
1116 3545 1173 3605 est.
1220 3539 1271 3604 Dc
1294 3562 1359 3625 quo

308 3642 461 3708 Lucanus
476 3667 483 3704 :

501 3787 606 3844 Audax
629 3786 727 3843 venali
749 3786 906 3843 comitatur
930 3785 1018 3844 Curio
1042 3787 1152 3859 lingua.

352 3919 448 3984 Sicut
478 3917 649 4004 provisum
683 3917 800 3996 fuerat,
825 3917 977 3982 dominus
1000 3937 1086 4004 papa
1115 3917 1358 4004 archiepiscopo
1372 3919 1469 3972 Atime

307 4026 420 4087 nostro
442 4025 477 4085 et
500 4019 696 4107 Glesgucnsi
719 4019 869 4106 episcopo
904 4019 991 4085 diem
1015 4019 1136 4086 statuit
1157 4041 1178 4085 a
1207 4021 1358 4106 proxima
1370 3988 1531 4121 ffifflffle

308 4122 571 4210 Quadragesima
592 4123 629 4186 in
652 4123 802 4200 alteram,
817 4121 965 4187 Johanni
982 4123 1133 4208 episcopo
1155 4122 1202 4188 sic
1225 4122 1355 4188 dicens:
1372 4121 1485 4198 Scottish

1325 4230 1359 4290 te
1371 4189 1480 4251 disputa.

307 4233 325 4261 ‘¹
337 4225 461 4301 Frater,
494 4223 614 4309 quibus
660 4223 768 4290 beatae
806 4223 972 4288 memoriae
1010 4243 1096 4310 papa
1135 4222 1288 4289 Calixtus

309 4335 327 4362 “
349 4326 478 4414 ligavit,
501 4347 562 4391 nos
594 4331 628 4391 te
651 4347 718 4392 non
752 4325 984 4391 absolvimus.’'
1037 4325 1216 4412 Episcopos
1240 4323 1360 4392 Scotiai

308 4428 352 4494 ad
375 4427 465 4494 diem
489 4428 701 4514 designatum
725 4449 784 4514 per
810 4427 925 4493 literas
951 4449 1028 4494 suas
1043 4448 1161 4495 vocare
1188 4429 1360 4515 disposuit.

356 4530 413 4596 Sic
450 4553 528 4618 ergo
565 4531 662 4596 factis
705 4531 847 4616 negotiis
878 4535 913 4595 et
951 4531 1082 4596 infectis
1115 4531 1363 4598 Cantuaricnsis
1436 4563 1439 4572 ·

310 4633 574 4719 archiepiscopus
597 4633 762 4720 legatione
785 4639 937 4719 suscepta
963 4635 1070 4712 rediit,
1094 4640 1128 4700 et
1151 4635 1364 4700 Eboracensis

311 4736 419 4820 qualis
437 4741 630 4814 ,meaverat
655 4737 712 4802 sed
734 4736 907 4821 aliquanto
937 4736 1054 4803 fortior
1084 4743 1118 4803 et
1149 4737 1287 4804 hilarior
1316 4760 1365 4802 re·
