3586 5802
193 1722 201 1739 ·
333 1704 393 1747 rex
415 1683 695 1771 archiepiscopum
718 1683 917 1749 festinanter
939 1682 1119 1748 Belvacum
1150 1683 1250 1748 misit.
1314 1683 1387 1764 Quo

640 875 686 927 av
709 873 810 926 nuos
832 872 902 923 rna
924 869 1094 922 casarea.
1323 857 1386 922 189

331 1064 523 1153 phibologia
545 1070 720 1136 assecutus
767 1065 813 1133 Et
835 1087 910 1135 cum
932 1065 987 1132 die
1009 1063 1170 1152 praedicta
1194 1062 1385 1182 Concilium
1400 1060 1551 1177 gfflbats

331 1169 467 1248 sederet,
499 1189 561 1236 nec
597 1170 639 1236 de
676 1168 838 1256 episcopis
875 1173 911 1236 et
947 1167 1125 1234 abbatibus
1165 1165 1386 1234 Normanmae
1400 1195 1496 1258 money
1508 1207 1553 1244 m

332 1269 420 1336 ullus
451 1270 590 1350 adesset,
614 1292 635 1338 a
666 1271 775 1358 legato
806 1276 842 1337 et
872 1269 1127 1357 archiepiscopis
1157 1275 1192 1335 et
1223 1269 1386 1357 episcopis
1400 1267 1561 1325 notpresent.

332 1371 504 1439 Remensis
535 1379 570 1439 et
600 1373 799 1440 Senonsnsis
829 1372 1011 1460 provinciae
1040 1371 1212 1460 provisum
1244 1377 1305 1454 est,
1329 1394 1385 1438 eos
1401 1381 1474 1446 They
1485 1397 1529 1432 are

332 1479 412 1541 ante
430 1475 628 1542 solutionem
644 1475 785 1543 Consilii
807 1495 868 1563 pro
890 1480 1083 1562 contemptu
1106 1480 1141 1542 et
1163 1474 1389 1541 inobedientia
1401 1449 1544 1564 {m}

333 1579 611 1646 excommunicari
645 1578 771 1645 debere.
834 1577 907 1658 Quo
941 1599 1001 1664 per
1026 1577 1172 1664 aliquem
1204 1577 1386 1655 notificato,
1401 1582 1531 1712 {iiiiii

335 1785 407 1850 viso
440 1785 570 1872 legatus
604 1791 655 1852 est
688 1791 723 1852 et
757 1808 800 1852 ex
832 1791 927 1872 parte
965 1786 1144 1851 subtristis.
1214 1785 1388 1852 intellexit

335 1887 423 1951 enim
446 1888 693 1975 propterquod
716 1893 861 1954 venerat.
920 1886 987 1952 Sed
1010 1887 1092 1974 quid
1114 1889 1248 1954 multe?
1293 1888 1387 1952 Ami·
1403 1895 1508 1947 Turstin

334 1989 424 2068 citia,
439 2012 573 2076 precum
596 1991 759 2057 instantia
782 1996 896 2057 tamen
918 2011 978 2075 pro
1001 2012 1084 2078 rege,
1100 2012 1160 2076 pro
1176 2013 1210 2056 se
1233 1992 1388 2068 maxime,
1401 1975 1536 2091 ffiffiis,

336 2093 502 2158 sententia
534 2092 592 2158 illa
614 2097 747 2158 mutata
776 2098 835 2158 est.
871 2091 1062 2177 ¹Siquidem
1097 2092 1293 2179 Redulphus
1326 2094 1387 2158 Re·
1402 2098 1537 2148 anderes

337 2189 459 2260 mensis
475 2193 740 2280 archiepiscopus
755 2193 845 2258 dixit
859 2193 910 2258 ei:
935 2200 951 2228 “
962 2181 1088 2271 Oerte,”
1111 2193 1225 2272 irater,
1241 2205 1258 2231 “
1270 2196 1298 2261 si
1321 2217 1389 2261 non
1402 2163 1480 2213 them.

336 2304 352 2330 ‘⁴
375 2297 529 2375 venisses,
553 2295 740 2362 Normanni
763 2296 1040 2363 excommunicati
1063 2296 1179 2362 forent.
1227 2297 1391 2363 Difficilli-

336 2421 428 2465 mum
449 2404 535 2466 esset
558 2421 596 2465 eo
612 2405 780 2486 tempore3
802 2420 864 2466 nec
879 2399 990 2486 petitu
1011 2420 1072 2466 nec
1088 2401 1228 2466 obtentu
1243 2401 1390 2488 dignum,

337 2523 402 2587 quo
424 2500 690 2588 archiepiscopus
720 2505 834 2567 noster
856 2501 963 2586 petito
986 2521 1008 2566 a
1030 2501 1141 2587 legato
1173 2509 1207 2567 et
1229 2503 1390 2589 episcopis

338 2603 489 2670 Franoiae
515 2625 584 2669 non
606 2603 752 2681 obtento,
777 2603 919 2670 recessit.
978 2603 1151 2689 Siquidem
1183 2605 1220 2669 in
1251 2605 1391 2691 duplicis
1405 2615 1528 2692 Turstin's

337 2725 405 2770 suae
432 2704 603 2791 ejectionis
634 2704 745 2783 exilio,
768 2724 866 2770 nemo
896 2703 1045 2769 omnium
1077 2725 1158 2790 quos
1192 2706 1391 2784 noverimus,
1406 2684 1560 2748 ¹³⁰¹³¹¹¹⁸¹¹¹5·

337 2807 427 2894 apud
450 2807 595 2874 excelsos
617 2813 652 2873 et
674 2807 826 2885 humiles,
846 2805 937 2893 apud
960 2805 1130 2893 religiosos
1153 2812 1187 2873 ct
1210 2807 1392 2886 saeculares,

337 2910 427 2996 apud
449 2909 627 2977 monachos
642 2915 677 2976 et
692 2909 860 2987 moniales,
876 2908 1055 2996 largiendo,
1071 2909 1252 2990 serviendo,
1268 2911 1392 2977 honore

337 3013 579 3098 praeveniendo
601 3017 733 3078 tantam
756 3011 939 3078 amicitiam
961 3017 1104 3078 venatus
1128 3018 1186 3079 est.

383 3114 457 3180 Rex
479 3115 581 3180 etiam
615 3135 675 3200 per
705 3112 990 3200 archiepiscopum
1019 3112 1134 3200 ¹legato
1166 3115 1389 3194 mandaverat,
1403 3129 1564 3208 Cononem

339 3218 507 3303 quatinus,
529 3217 558 3282 si
589 3217 620 3282 ei
652 3215 828 3282 molestum
858 3235 926 3280 non
958 3221 1052 3294 esset,
1074 3217 1118 3282 ad
1141 3239 1175 3282 se
1199 3217 1389 3296 Gisortium,
1402 3195 1562 3313 {fffflm

338 3319 427 3404 quod
448 3340 516 3385 non
536 3317 633 3406 longe
648 3317 805 3396 distabat,
820 3316 959 3383 veniret.
1006 3316 1173 3404 Cupiebat
1195 3321 1284 3385 enim
1299 3321 1454 3407 loquiano
1470 3279 1562 3392 seilii,

337 3419 388 3484 illi
414 3421 609 3507 priusquam
632 3419 869 3486 transfretaret.
931 3418 1076 3505 Legatus
1106 3420 1249 3487 adducto
1281 3445 1390 3512 secum
1402 3397 1563 3514 ssegffi'y

343 3519 505 3588 Willelmo
533 3520 792 3588 Gatalauonensi
817 3521 977 3608 episcop0,
1001 3526 1036 3586 et
1060 3521 1300 3591 Silvanectensi
1323 3499 1539 3612 epi-{labina

338 3644 444 3710 scopo,
480 3628 516 3689 et
554 3621 630 3689 aliis
668 3623 827 3709 personis,
861 3621 942 3689 illuc
974 3622 1113 3689 advenit
1125 3648 1133 3704 ;
1170 3625 1229 3690 ubi
1260 3648 1282 3692 a
1315 3597 1510 3713 rege¹⁸d⁰¹¹⁰'

337 3725 523 3812 gratiarum
558 3724 748 3791 actionibus
786 3724 897 3811 legato
930 3722 1099 3804 exhibitis,
1122 3731 1157 3792 et
1188 3729 1393 3796 sermonibus

338 3827 492 3913 plurimis
516 3827 557 3892 de
591 3825 674 3903 Deo,
707 3826 748 3892 de
783 3831 899 3892 sancta
932 3825 1078 3904 ecclesia,
1113 3827 1154 3893 de
1185 3831 1335 3916 negotiis,
1360 3837 1394 3897 et

335 3929 419 4014 jocis
442 3929 586 3996 invicem
608 3929 744 4007 habitis,
760 3950 821 3994 rex
843 3928 894 3993 illi
911 3928 1079 4014 episcopos
1102 3935 1137 3994 et
1158 3931 1295 3996 abbates
1318 3955 1393 3998 suos

338 4031 595 4096 commendavit
665 4029 736 4116 Ipsi
770 4051 851 4095 vero
889 4034 924 4094 et
958 4029 1017 4115 qui
1055 4051 1130 4095 cum
1162 4053 1200 4097 eo
1231 4039 1393 4099 venerant

338 4133 491 4198 omnibus
521 4132 589 4199 fere
612 4131 700 4198 dona
722 4131 824 4198 dedit.
887 4131 1033 4218 Legatos
1056 4153 1135 4198 vero
1166 4133 1207 4199 de
1229 4136 1562 4223 archiepi-Henrypro-

338 4255 435 4320 scopo
457 4235 631 4322 suggessit,
653 4232 834 4312 intimavit,
858 4237 893 4299 et
924 4232 1114 4312 inculcavit,
1137 4239 1178 4299 ut
1200 4235 1248 4303 sio
1269 4219 1550 4337 faeeretffigss'el

338 4337 427 4422 quod
449 4337 604 4402 dominus
625 4357 714 4423 papa
736 4340 846 4422 grates
868 4334 919 4399 illi
942 4333 1088 4402 haberet.
1150 4336 1223 4418 Quo
1251 4338 1334 4406 bene
1356 4365 1390 4408 se
1404 4303 1516 4405 Tasitis.

339 4438 506 4506 facturum
537 4438 723 4526 pollicente,
746 4437 828 4504 data
849 4437 900 4502 illi
921 4436 1159 4518 benedictione,
1182 4441 1226 4507 ad
1248 4464 1391 4528 praesens

336 4541 556 4607 transiturum
593 4541 665 4607 Deo
697 4540 938 4619 commendans,
970 4541 1008 4604 in
1039 4541 1149 4608 osculo
1180 4549 1215 4609 et
1244 4546 1393 4614 amicitia

334 4643 524 4730 di[s]cessit.
582 4642 662 4711 Post
684 4643 894 4730 di[s]cessum
921 4642 994 4729 ejus
1016 4665 1077 4712 rex
1099 4665 1208 4712 coram
1230 4648 1391 4737 episcopis
1403 4656 1499 4708 Audis

1450 4724 1512 4774 teful
1523 4723 1563 4776 sor

335 4745 553 4816 Normanniae
588 4752 623 4813 et
654 4746 854 4833 quibusdam
889 4745 1021 4834 Angliae
1055 4746 1102 4814 sic
1132 4747 1200 4814 ait:
1239 4757 1255 4786 ‘⁸
1271 4739 1522 4856 Meliusffiheq,
