3538 5800
646 854 806 903 lucrosa
830 851 1004 900 sanusne.
1059 913 1064 922 1
1301 833 1345 900 47

291 1059 385 1124 aequo
420 1040 563 1128 patebat,
587 1061 626 1108 aa
648 1063 706 1130 per
728 1042 791 1109 hoo
822 1064 897 1107 eum
932 1042 1010 1120 loco,
1044 1041 1073 1106 si
1109 1038 1249 1106 facultas
1281 1035 1346 1102 sibi

291 1141 530 1222 concederetur,
568 1165 700 1210 movere
738 1145 849 1210 animo
895 1144 1108 1231 disposuerat
1169 1142 1217 1208 At
1254 1159 1344 1205 nuno

291 1264 366 1310 oum
398 1244 471 1332 jam
509 1245 620 1314 oaelioa
651 1245 746 1312 illum
776 1245 935 1312 revelatio
970 1246 1006 1310 in
1039 1244 1102 1312 hoo
1133 1264 1216 1331 opus
1248 1241 1343 1306 robo-

291 1351 402 1426 rasset,
440 1347 526 1414 nihil
570 1348 729 1415 haesitans
774 1349 863 1414 diem
893 1347 1047 1436 praefixit,
1086 1347 1122 1412 in
1160 1366 1226 1432 quo
1259 1343 1343 1410 desi-

292 1448 382 1514 derio
414 1471 474 1516 suo
507 1450 719 1528 satisfaceret,
753 1451 815 1517 hoo
849 1455 908 1528 est,
940 1451 1044 1538 ipsius
1078 1448 1183 1536 patris
1206 1446 1344 1512 eximios

291 1555 383 1616 artus
407 1575 425 1618 e
448 1558 535 1620 terra
555 1553 689 1634 levaret,
712 1575 751 1620 aa
773 1555 809 1618 in
824 1554 894 1620 loeo
910 1553 1116 1620 saecularium
1131 1571 1343 1638 personarum

291 1652 478 1740 frequentia
504 1677 618 1736 vacuo,
641 1656 899 1742 irreverentique
922 1676 1053 1722 secessu
1076 1652 1223 1731 remoto,1
1246 1652 1343 1718 oollo-

292 1762 388 1822 caret.
435 1758 541 1824 Batus
564 1764 677 1825 tamen
700 1763 831 1826 tantam
853 1780 923 1824 rem
946 1757 1082 1822 minima
1114 1756 1178 1822 sub
1211 1754 1344 1820 silentio

292 1861 552 1946 perpetrandam,
576 1861 681 1948 primo
697 1862 845 1928 omnium
866 1882 926 1947 per
941 1864 1047 1926 totam
1058 1858 1226 1925 dioecesim
1241 1878 1343 1934 suam,

291 1983 393 2028 neone
431 1985 490 2050 per
523 1969 628 2030 totam
666 1963 916 2052 Wigomensem
953 1961 1158 2050 provinciam
1195 1959 1346 2024 instituit

292 2065 400 2130 Deum
422 2088 482 2153 pro
504 2067 608 2154 ipsius
631 2069 756 2156 negotii
778 2067 936 2155 gestione,
959 2071 999 2132 ut
1020 2062 1118 2131 De02
1139 2064 1238 2150 digne
1269 2083 1344 2149 pro·

291 2167 429 2247 eederet,
452 2169 683 2238 invocandum.
728 2169 857 2236 Deinde
879 2168 1111 2256 Wigornenses
1146 2165 1344 2233 conveniens
1358 2174 1507 2239 nuproea

292 2291 374 2356 quos
395 2293 525 2338 summa
546 2294 652 2350 causa,
676 2293 757 2358 quos
780 2277 875 2338 tenor
897 2271 1022 2358 negotii
1045 2270 1208 2357 praeoipue
1242 2243 1428 2353 rapi-‘¹⁰¹⁰'

292 2373 408 2451 ciebat,
431 2395 491 2440 sua
514 2375 703 2441 stillarum
726 2375 882 2441 voluntas
904 2379 1005 2460 atque
1028 2372 1201 2440 eonsilium
1233 2391 1277 2436 an
1307 2371 1344 2434 in

292 2476 405 2542 eodem
429 2481 522 2555 esset,
546 2477 723 2564 diligenter
744 2480 968 2564 perscrutatus
991 2479 1048 2542 est.
1097 2473 1194 2556 Quod
1216 2472 1275 2538 ubi
1298 2471 1345 2536 sio

293 2600 361 2643 esse
393 2584 428 2644 et
465 2579 508 2645 ad
539 2601 644 2645 unum
678 2579 813 2646 tendere
847 2578 1044 2645 omnimodis
1059 2651 1064 2657 ,
1079 2576 1174 2654 vidit,
1210 2573 1343 2640 directis

292 2681 420 2746 nuntiis
442 2703 512 2747 rem
527 2681 593 2747 illis
609 2687 644 2748 et
665 2681 732 2746 illis
748 2681 925 2747 denuntiat
940 2701 1022 2768 quos
1037 2678 1172 2767 negotio
1187 2678 1343 2742 interesse

293 2782 431 2868 dignum
442 2783 622 2869 judicabat.
670 2783 818 2848 Nuntios
840 2781 929 2849 fama
944 2781 1176 2869 praeuourrit3
1198 2780 1241 2845 ad
1257 2779 1344 2844 diem

292 2906 359 2950 non
381 2885 417 2949 hi
436 2891 569 2952 tantum
593 2886 650 2973 qui
673 2886 869 2964 invitantur,
886 2886 944 2951 sed
959 2890 994 2951 et
1009 2884 1148 2950 aliorum
1163 2883 1343 2948 inaestima-

292 2986 368 3052 bilis
390 2987 561 3053 hominum
579 2988 798 3054 numerositas
821 2988 936 3054 currit
984 2987 1028 3052 Et
1043 2986 1105 3054 hoo
1120 2986 1161 3053 de
1176 2984 1346 3052 mediocri-

293 3089 354 3154 bus
370 3090 512 3156 eoolesiae
539 3091 695 3157 membris
719 3091 846 3158 dietum
873 3090 1009 3156 interim
1034 3089 1223 3176 aoaipiatur.
1266 3087 1346 3174 Epi·

293 3192 389 3278 aoopi,
405 3192 550 3272 abbates,
566 3193 710 3280 religiosi
725 3193 851 3259 ordinis
866 3193 939 3271 viri,
952 3197 987 3259 et
1000 3193 1157 3258 sublimes
1173 3192 1209 3256 in
1224 3190 1346 3277 populo

292 3295 356 3360 Dei
371 3315 518 3382 personae
528 3302 655 3374 coeunt,
668 3317 780 3362 omnes
794 3317 863 3361 non
874 3297 968 3382 quasi
983 3296 1042 3362 ssd
1056 3317 1133 3362 vera
1145 3293 1347 3360 Divinitatis

293 3396 476 3464 instinctu.³
500 3397 588 3479 Quid
603 3398 723 3486 plural
747 3397 857 3464 Instat
868 3397 947 3476 dies,
958 3397 1040 3464 hora
1051 3398 1152 3464 etiam
1165 3395 1346 3484 praetituti

293 3500 418 3585 negotii
448 3499 563 3578 instat,
585 3505 620 3565 et
642 3521 782 3585 quorum
808 3499 915 3586 operis
938 3504 1009 3565 erat
1043 3498 1227 3564 demutatio
1258 3496 1347 3562 tanti

294 3601 449 3679 thesauri,
483 3601 669 3689 parantur⁴
706 3602 837 3690 explere
872 3603 961 3688 quod
992 3601 1190 3689 dispositum
1227 3599 1344 3665 fuerat.
1359 3611 1486 3661 Amulli-

294 3703 426 3770 Interea
441 3705 526 3772 oiroa
540 3706 707 3771 tumulum
722 3711 947 3792 praesenserat
961 3705 1068 3771 multa
1082 3705 1182 3770 turba
1196 3703 1343 3768 virorum
1357 3678 1423 3795 ἓξὲξ
1432 3693 1490 3742 ¹³¹⁸·

293 3827 332 3871 aa
353 3807 558 3886 feminarum,
581 3829 642 3874 neo
671 3828 739 3874 una
762 3812 833 3872 erat
855 3806 1041 3894 expectatio
1060 3805 1216 3872 omnium.
1263 3803 1343 3884 Qni-

292 3907 367 3972 dam
383 3909 471 3974 enim
490 3910 593 3975 solam
616 3909 700 3976 saori
715 3909 859 3996 eorporis
880 3906 1140 3986 translationem,
1160 3907 1344 3994 quidamst

294 4033 427 4078 suorum
450 4033 630 4099 oorporum,
654 4035 728 4100 quae
762 4013 902 4078 diversis
934 4011 1186 4078 infirmitatibus
1217 4010 1344 4076 labora·

293 4113 383 4193 bant,
406 4114 683 4200 praestolabantur
698 4114 908 4182 curationem
956 4113 1001 4180 Et
1016 4114 1073 4180 illa
1089 4113 1222 4200 quidem
1238 4117 1345 4179 trans-

293 4216 374 4282 latio
397 4217 559 4305 eondigno
582 4217 738 4304 obsequio
770 4217 859 4284 faeta
880 4223 940 4295 est,
971 4217 1041 4284 haeo
1072 4223 1184 4283 autem
1218 4217 1345 4284 ruratio

293 4319 357 4384 sibi
380 4341 452 4386 eam
475 4320 654 4386 affuturam
688 4325 858 4406 sperantes
891 4320 1107 4387 nihilominus
1139 4327 1252 4390 secuta
1285 4326 1344 4388 est.

350 4502 660 4510 --.-.--—-.-..—...
861 4502 910 4508 .--
934 4503 1113 4510 -.....--.-..-.-...—
1134 4504 1155 4508 .-
1169 4503 1257 4510 .-.--
1269 4504 1342 4510 -——-

329 4615 335 4648 ι
354 4618 451 4683 remoti]
471 4633 520 4668 om·
532 4617 563 4668 Β,
877 4605 888 4636 ³
906 4622 953 4654 non
973 4643 978 4656 .
996 4643 1003 4657 .
1023 4641 1028 4656 .
1047 4606 1178 4673 instincta]
1210 4606 1282 4671 quasi
1307 4607 1346 4656 di-

326 4735 337 4752 n
843 4682 959 4734 vinitatis
971 4684 1094 4736 instinotu
1104 4683 1213 4738 inritati.

327 4755 336 4767 ”
354 4735 422 4800 1³²⁰]
444 4751 494 4784 ⁰¹¹¹·
508 4735 538 4785 B·
876 4764 887 4795 ⁴
902 4763 1044 4830 parantur]
1066 4771 1163 4828 parant,
1175 4763 1205 4815 B.
