3582 5798
605 910 649 958 ar
665 909 773 958 nucu
797 907 867 956 rus
891 903 1059 956 ausuros.
1302 887 1365 951 109

312 1104 347 1166 et
369 1101 575 1170 reverendus.
623 1101 767 1172 Hernico
784 1122 859 1185 rege
882 1119 987 1163 nonas
1005 1096 1149 1182 Augusti
1170 1099 1365 1170 consecrato,

312 1207 347 1268 et
381 1223 449 1270 non
484 1203 590 1268 multo
624 1186 700 1288 post
733 1201 890 1266 Anselmo
928 1199 1171 1284 archiepiscopo
1208 1196 1366 1261 mandato

313 1305 399 1391 regis
423 1306 465 1370 ab
488 1305 589 1372 exilio
611 1309 773 1380 revocato,
796 1303 967 1388 Tssiomas]
991 1300 1265 1386 archiepiscopus,
1282 1299 1364 1384 xiiij.
1378 1293 1525 1410 godaliam,

313 1407 474 1472 kalendas
504 1408 648 1492 proximi
671 1406 870 1483 Decembris,
894 1405 947 1468 die
970 1403 1153 1480 Dominica,
1177 1419 1241 1467 me.
1269 1423 1365 1480 anno,
1379 1377 1449 1478 ΑΘΒ,
1465 1369 1536 1479 181’00,

318 1509 457 1575 Eboraci
480 1509 571 1575 obiit.
620 1509 726 1594 Cujus
750 1499 959 1594 epitaphium
983 1510 1035 1570 est
1057 1505 1128 1570 hoc.

362 1624 451 1692 Orba
470 1624 542 1710 pio,
565 1623 711 1690 viduato
734 1623 817 1690 bono
835 1619 980 1710 pastore,
1000 1627 1158 1707 patrone,

411 1725 493 1792 Urbs
515 1726 670 1817 Eborooc
692 1723 777 1792 dblct
799 1725 858 1792 uia
880 1723 1043 1790 Jabtrmc
1061 1743 1190 1808 porum.

361 1827 490 1911 ortana
511 1829 569 1895 via
591 1828 661 1895 uni
680 1850 836 1915 persono,
860 1825 1013 1904 semotio,
1035 1825 1107 1891 bito

406 1929 625 2016 Contigerant
651 1930 810 2016 moneo]
834 1927 967 2009 nobilis,
990 1927 1070 2005 olto,
1095 1925 1188 1994 boreo.

361 2031 522 2112 doctriua
547 2031 672 2099 bituria
689 2032 805 2120 facies,
828 2038 961 2099 statura
983 2036 1132 2108 venusto,

407 2135 567 2220 Argolici
588 2136 704 2202 uultus
726 2134 885 2221 splendor
908 2140 937 2200 et
959 2132 1074 2200 iactor
1096 2139 1175 2198 erut.

362 2239 431 2304 Hic
453 2260 599 2306 ouumro
621 2245 721 2325 utque
743 2238 842 2304 modo
865 2235 1029 2304 doctr-ioue
1051 2258 1110 2303 sca
1128 2235 1313 2322 probitatis

382 2379 387 2388 ·
407 2340 557 2408 Clericus
571 2341 693 2438 'minis
717 2347 798 2417 erut,
822 2341 872 2407 vel
893 2339 1005 2424 stupis
1027 2338 1141 2405 omnia
1163 2339 1267 2406 borno.

361 2444 444 2510 Hoec
467 2445 588 2512 amam
611 2452 640 2511 et
663 2445 772 2512 cleram
794 2444 856 2511 sab
878 2449 973 2511 tuoto
992 2443 1139 2530 praesme
1155 2442 1251 2530 solia,

406 2547 510 2614 Poeue
532 2549 620 2635 quod
643 2555 687 2614 aot
710 2554 740 2613 et
762 2545 856 2614 babet
878 2545 1036 2613 maneria
1059 2567 1156 2612 omae
1179 2546 1238 2612 sai
1260 2551 1312 2611 cst.

366 2649 497 2718 Octauia
519 2651 640 2718 Sancti
663 2650 818 2717 Martini
841 2649 985 2716 transiit
1007 2647 1073 2728 illc,

411 2751 478 2820 Oui
496 2753 621 2840 pietate
644 2753 710 2820 Dei
732 2752 778 2820 sit
800 2773 904 2820 cornea
926 2752 970 2819 io
993 2750 1131 2838 requie!
1195 2823 1209 2850 n

750 3047 944 3114 Grmnnus

366 3193 451 3260 Sede
474 3217 579 3281 usque
602 3195 646 3261 ad
664 3195 850 3282 proximam
866 3193 1088 3281 Epiphaniam
1104 3200 1251 3272 vacante,
1267 3201 1375 3260 trans·
1387 3197 1486 3275 aarum

321 3296 410 3362 latus
444 3301 495 3362 est
529 3297 565 3361 in
603 3319 677 3363 eam
710 3297 870 3363 Girardus
908 3297 1158 3362 Herefordensis
1196 3263 1519 3383 episcopus,¹1³}⁸,¹‡‡,'}'0{’df

323 3399 380 3484 qui
409 3395 519 3464 fuerat
550 3397 738 3484 W[illelmi]
773 3397 884 3475 Primi,
920 3398 1072 3476 Secundi,
1104 3420 1218 3484 regum
1250 3399 1375 3466 cancel-
1387 3397 1506 3448 succeeds

322 3499 446 3580 larius;
471 3501 607 3567 clericus
640 3499 773 3586 quidem
801 3499 939 3567 scientia
961 3505 996 3566 et
1018 3501 1206 3586 eloquentia
1228 3465 1526 3598 temporefflssssg„

323 3623 383 3667 suo
419 3603 503 3668 nulli
543 3609 603 3669 aut
640 3603 753 3689 paucis
784 3603 956 3682 secundm,
995 3609 1029 3669 et
1066 3605 1124 3689 qui
1162 3603 1302 3690 Virgilio
1340 3604 1374 3668 in
1388 3613 1522 3664 veneriae

324 3709 429 3771 metro
453 3711 488 3770 et
510 3705 619 3770 Tullio
642 3706 678 3770 in
700 3727 797 3792 prosa
819 3728 936 3792 parum
959 3707 1114 3772 cessisset.
1389 3677 1546 3810 ζ’,ἰζξέῑίζξὰ

370 3807 526 3875 Monaohi
550 3808 815 3886 Carmonenses,
848 3830 915 3874 non
949 3809 1032 3874 bene
1064 3813 1236 3874 cantantes
1271 3807 1376 3886 Ebor,
1389 3813 1475 3878 moly.

326 3913 405 3998 quia
427 3911 471 3976 ab
494 3912 553 3978 illa
576 3911 728 3976 indebita
742 3911 943 3998 professione
960 3911 1043 3976 liber
1066 3917 1146 3988 erat,
1162 3911 1379 3998 archiepisco-

326 4037 406 4101 pum
438 4036 535 4079 suum
558 4013 805 4099 instigaverunt
834 4019 869 4078 ct
900 4013 1113 4099 impulerunt,
1137 4013 1197 4078 ut1
1219 4015 1377 4101 agitando

326 4117 559 4202 professionem
583 4115 739 4200 exigeret.
786 4113 910 4179 Eorum
934 4115 1077 4200 impulsu
1101 4115 1234 4182 fortiter
1256 4119 1376 4206 exegit,
1390 4117 1498 4168 Anselm

326 4225 361 4283 et
383 4217 495 4282 literas
518 4239 594 4282 suas
616 4217 660 4282 ad
683 4217 853 4282 dominum
885 4238 1013 4302 papam,
1038 4239 1118 4302 quas
1141 4185 1541 4315 ipsepetebat,{’1f{⁵{2f{⁰,i

326 4343 385 4407 pro
408 4342 469 4385 sua
502 4321 701 4396 dimissione,
724 4325 758 4384 et
790 4319 1016 4397 translatione,
1047 4325 1082 4384 et
1113 4319 1206 4405 pallii
1240 4323 1377 4408 requisi·
1391 4319 1514 4396 ⁸¹9⁰&OE

326 4423 417 4488 tione
441 4421 569 4486 tradere
593 4421 652 4484 diu
682 4421 828 4507 negavit,
852 4421 915 4485 nisi
939 4421 1030 4506 prius
1064 4423 1296 4507 professionem
1330 4385 1454 4490 fa-fmk'

326 4529 422 4602 ceret,
446 4529 506 4589 aut
529 4523 635 4588 Roma
665 4545 832 4588 reversum
857 4545 892 4588 se
918 4523 1139 4608 professurum
1162 4527 1378 4610 promitteret.

328 4627 452 4692 Verum
476 4627 645 4704 Girardus,
676 4626 806 4711 sapiens
838 4629 872 4690 et
906 4625 1070 4704 disertus,2
1101 4627 1213 4693 dicens
1240 4628 1302 4696 hoc
1327 4629 1378 4694 in-

360 4851 369 4886 ¹
387 4852 429 4918 ar]
450 4857 502 4912 sut,
512 4851 571 4904 MS.
859 4847 865 4916 Ι
912 4851 923 4883 ²
939 4849 1061 4916 disertus]
1080 4853 1206 4914 desertus,
1219 4851 1276 4903 MS.
