3530 5790
653 901 699 949 er
722 900 862 950 rsonae
886 901 1021 952 eruens.
1291 889 1353 954 391

305 1089 426 1176 dignus
468 1091 653 1186 haberetur,
691 1093 906 1178 pertinaciter
944 1093 1127 1179 impedivit
1189 1094 1355 1180 Suspenso

304 1192 409 1278 igitur
444 1192 587 1281 negotio,
620 1195 836 1281 partibusque
874 1216 982 1260 coram
1015 1195 1163 1262 Romano
1201 1197 1356 1284 pontifice

303 1315 401 1380 super
426 1295 526 1381 hujus
550 1295 718 1362 electionis
748 1297 947 1363 discussione
977 1297 1192 1384 personaliter
1222 1297 1356 1373 vocatis,

303 1395 392 1462 idem
416 1397 610 1476 Willelmus,
644 1399 917 1485 persequentibus
940 1399 1036 1464 illurn
1066 1400 1264 1464 adversariis
1286 1400 1355 1464 suis

304 1501 339 1562 et
368 1498 492 1584 injuste
514 1501 755 1578 accusantibus,
777 1501 1031 1590 consecracionis
1054 1501 1195 1588 gratiam
1219 1501 1354 1566 minime

304 1599 594 1685 potuitobtinere.
640 1601 715 1668 Lite
738 1623 814 1689 ergo
836 1602 873 1666 in
895 1603 988 1668 curia
1010 1601 1161 1670 Romana
1184 1603 1246 1666 sub
1269 1624 1356 1688 papa

303 1895 478 1947 conventum
489 1889 654 1947 Willelmus
677 1890 890 1958 Dunelmensis,
915 1891 1025 1948 ducato
1047 1891 1215 1963 responsali,
1238 1909 1354 1948 excusa·

304 1981 349 2035 rit
371 1999 401 2035 se
424 1975 557 2058 propter
579 1980 719 2036 Willelmi
753 1979 865 2054 Oomyn
900 1981 1139 2053 perturbationes.
1185 1982 1258 2037 Vico
1290 1980 1353 2052 ejus

304 2075 490 2126 surrexerunt
513 2069 684 2142 Radnlphus
706 2070 795 2124 Nuell
810 2071 961 2142 episeopus
977 2061 1181 2135 OrcedensiS,
1199 2071 1354 2126 Sanaricus

304 2159 391 2215 abbas
414 2159 612 2224 Eboracensis,
635 2163 667 2214 et
697 2158 871 2214 Benedictus
902 2161 991 2215 abbas
1025 2159 1060 2215 de
1076 2159 1246 2232 Whytteby,
1271 2161 1353 2215 satis·

305 2250 409 2304 facturi
440 2267 506 2304 cum
537 2249 639 2304 electo.
685 2247 876 2304 Consecratus
908 2249 1005 2320 itaque
1019 2268 1022 2274 ’
1035 2266 1053 2303 a
1082 2249 1189 2318 legato,
1213 2240 1353 2304 Henrico

307 2339 500 2396 Wintoniensi
516 2339 660 2410 episcopo,
677 2338 715 2392 vi.
732 2337 870 2393 kalendas
893 2337 1035 2403 Octobris,
1060 2337 1223 2393 willelmus
1247 2339 1352 2394 Ebora-

304 2429 397 2484 censis
419 2429 660 2500 archiepiscopus,
683 2427 784 2482 multis
814 2427 1027 2484 collaetantibus
1049 2445 1135 2498 super
1157 2425 1219 2498 ojus
1241 2445 1353 2500 promo·

304 2519 393 2574 tione.

350 2607 413 2662 Hoc
436 2625 512 2662 anno
535 2605 608 2661 obiit
630 2623 706 2677 papa
729 2605 924 2662 innocentius.
981 2605 1161 2663 Substitutus
1183 2612 1228 2662 est
1247 2623 1300 2678 pro
1320 2623 1354 2661 co

307 2695 477 2761 Celestinus,
501 2697 547 2750 vir
569 2695 751 2766 grandaevus.

349 2785 437 2840 Anno
464 2785 583 2868 Domini
607 2799 737 2840 namur.
777 2783 939 2840 Oelestinus
971 2802 1049 2857 pape
1069 2785 1152 2851 obiit,
1177 2787 1223 2841 cui
1247 2785 1354 2842 Lucius

304 2875 447 2930 necessit.

349 2964 405 3020 His
437 2961 547 3027 diebus,
579 2962 724 3018 mediante
755 2962 902 3018 Willelmo
933 2964 1159 3036 archiepiscopo,
1190 2965 1355 3021 Willelr'nue

305 3054 455 3125 episcopus
478 3051 691 3117 Dunelmensis,
715 3057 745 3106 et
766 3051 931 3108 Willelmus
954 3053 1077 3125 Oomyn,
1101 3059 1298 3110 convenerunt
1323 3056 1354 3110 in

306 3142 400 3199 foedus
423 3142 509 3214 pacis.
556 3141 611 3196 Dic
634 3141 731 3212 itaque
754 3140 854 3196 Sancti
877 3141 963 3198 Lucae
987 3144 1182 3214 Evangelistae
1206 3145 1356 3216 episcopus

305 3233 337 3287 in
360 3231 456 3287 sedem
479 3248 560 3286 suam
583 3231 774 3302 episcopalem
797 3231 988 3287 intronizatus
1010 3237 1054 3288 est
1076 3251 1127 3305 per
1149 3251 1268 3289 manum
1283 3233 1355 3288 Wil-

306 3320 386 3377 lelmi
405 3319 622 3392 archiepiscopi,
638 3324 669 3375 et
683 3309 863 3376 Willelmus
879 3319 991 3394 Gomyn
1014 3339 1080 3376 cum
1102 3323 1290 3380 multitudine
1305 3341 1357 3379 sna

306 3411 453 3466 absolutus
476 3414 528 3465 est.
561 3461 563 3465 Α

351 3499 439 3555 Anno
454 3498 573 3554 Domini
589 3513 701 3565 ucxnv,
718 3497 873 3554 Hismarus
888 3499 1215 3572 epiecopus-cardinalis,
1231 3502 1357 3559 directus

307 3589 343 3644 ab
366 3587 534 3660 Apostolico
557 3586 646 3643 Lucio
670 3588 792 3659 legatus,
816 3588 898 3642 venit
927 3590 959 3644 in
982 3589 1132 3661 Anglicm,
1156 3591 1265 3646 habens
1295 3594 1356 3664 pal·

310 3679 383 3732 lium
397 3667 557 3733 Willelmo
580 3677 794 3748 archiepiscopo
817 3667 987 3734 directum.
1033 3681 1146 3734 Moram
1161 3677 1273 3736 autem
1289 3683 1358 3737 fecit
1458 3686 1460 3695 “

306 3785 359 3840 per
373 3767 584 3838 negligentiam
606 3767 684 3822 idem
700 3766 863 3820 Willelmus
881 3784 1028 3824 occurrere
1043 3769 1081 3834 oi,
1098 3771 1174 3824 eirca
1188 3767 1246 3824 alia
1260 3773 1357 3826 minus

307 3857 466 3912 necessaria
488 3861 654 3927 occupatus,
677 3862 711 3910 ut
732 3855 969 3912 consuetudinem
992 3858 1104 3924 habuit,
1129 3871 1167 3914 eo
1194 3851 1282 3934 quod
1304 3879 1357 3915 nu·

307 3947 395 4002 tritus
417 3951 462 4000 est
484 3963 596 4016 semper
611 3946 643 3999 in
658 3944 769 4000 deliciis
784 3949 814 4000 et
829 3943 950 4012 divitiis,
966 3952 996 4000 et
1015 3965 1080 4002 raro
1104 3947 1195 4002 labori
1218 3956 1356 4016 assuetus,

266 4049 268 4054 ’
307 4035 487 4106 benignitate
509 4039 608 4090 tamen
630 4034 721 4088 animi
744 4033 906 4090 innocentis
928 4040 958 4091 et
974 4027 1167 4092 liberalitate¹
1184 4037 1261 4107 plebi
1274 4039 1358 4094 valde

306 4142 397 4180 carus.

351 4203 456 4270 Obiit²
489 4213 607 4269 iuterim
637 4211 743 4267 Lucius
770 4229 855 4284 papa,
878 4213 1009 4285 rexitque
1031 4213 1229 4286 Apostolicnm
1262 4215 1358 4270 sedern

306 4305 454 4375 Eugenius
477 4304 565 4359 abbas
587 4301 795 4358 observationis
818 4301 1014 4370 Oisteroensis,
1039 4305 1120 4375 prins
1136 4311 1255 4360 vocatus
1285 4306 1354 4360 Ber·

306 4394 421 4448 nardus.
491 4393 651 4448 Defunctus
684 4395 728 4446 est
758 4392 846 4446 etiam
877 4393 1041 4448 Willelmus
1064 4394 1174 4464 primns
1204 4393 1291 4448 abbas
1322 4395 1357 4449 dc

307 4483 423 4548 Bivall3
448 4482 566 4554 praefuit
590 4481 617 4537 ei
633 4479 809 4546 Mauricius;
834 4499 890 4552 qno
915 4482 1096 4554 postmodnm
1129 4482 1221 4538 officio
1244 4483 1357 4538 abbatie

306 4573 505 4638 renunciante,
529 4571 702 4626 substitutus
732 4573 776 4624 est
796 4588 848 4642 pro
882 4589 916 4626 eo
951 4571 1123 4626 Ethelradns
1157 4572 1244 4628 abbas
1281 4591 1358 4645 prae·

901 4731 1138 4740 —.-..—.--·—..
1145 4736 1154 4740 -
1166 4735 1231 4742 ...—--

341 4820 348 4853 ¹
367 4817 493 4880 libertale,
506 4819 538 4870 G.
718 4838 722 4848 ·
821 4844 826 4884 Ι
891 4815 902 4848 ²
921 4815 1047 4880 obiitque,
1060 4816 1092 4868 G.
