3410 5840
89 1767 213 1824 Esdram,

93 1848 137 1898 pp.
151 1838 225 1882 5‘1-4.

678 853 723 901 sr.
748 851 897 901 oswarn.
1246 833 1307 898 511

263 1047 420 1133 elegerat,
457 1065 645 1134 properans
689 1065 762 1108 ossa
799 1044 905 1108 sancti
944 1044 1105 1110 antistitis
1144 1045 1185 1112 de
1223 1051 1312 1111 terra
1354 1031 1357 1038 ¹

261 1149 396 1226 levavit,
420 1154 454 1213 et
485 1149 520 1212 in
551 1147 768 1212 scriniorum
804 1145 949 1212 maximo
983 1145 1105 1212 honore
1129 1147 1309 1214 collocavit.

260 1254 359 1338 Aqua
381 1273 459 1316 vero
494 1273 568 1315 curn
603 1272 669 1336 qua
703 1271 775 1314 ossa
806 1249 920 1314 lavata
951 1255 1037 1327 suut,
1073 1249 1167 1316 eureis
1191 1251 1310 1328 visure,

262 1355 370 1420 surdis
413 1354 575 1429 auditum,
612 1351 738 1418 claudis
775 1356 933 1437 ¹gressum,
975 1358 1010 1416 et
1051 1351 1310 1439 quibuscumque

262 1457 426 1524 debilibus
447 1457 626 1522 sanitatem
657 1455 812 1520 restituit.
859 1453 1069 1521 Vestimenta‘
1089 1456 1177 1520 enirn
1201 1459 1311 1522 onrnia

262 1562 391 1648 integra
414 1565 448 1627 et
470 1560 601 1625 illibata
630 1560 666 1624 in
696 1556 876 1644 sepulchro,
900 1559 997 1630 odere
1028 1559 1223 1624 suavissimo
1246 1561 1311 1629 fra-

262 1665 402 1751 grantia,
425 1667 556 1750 reperta
579 1666 664 1726 sunt.
898 1667 904 1676 '

308 1765 373 1832 23.l
397 1763 577 1830 Monachus
615 1761 750 1848 quidam
774 1759 954 1827 Rameseiae
992 1763 1100 1828 caneri
1132 1763 1239 1829 ulcere
1277 1765 1312 1828 in
1326 1757 1483 1886 fiuffiggykssi

263 1869 400 1934 maxilla
426 1868 476 1932 ita
497 1886 668 1952 percussus
702 1869 781 1941 erat,
807 1871 846 1928 ut
877 1881 1048 1947 consumpta
1071 1879 1136 1932 cute
1166 1881 1196 1931 et
1227 1890 1469 1940 carnecureuofa

263 1968 343 2022 nuda
380 1965 558 2031 mandibula,
597 1963 669 2018 nudi
707 1963 808 2018 dentes
854 1979 920 2019 cum
965 1965 1095 2036 gingivis
1132 1974 1312 2038 apparerent.
1327 1973 1423 2007 ⁰³⁰⁰&-

265 2048 388 2112 Hicin
420 2048 504 2111 festo
535 2045 649 2110 Sancti
679 2043 825 2108 Oswaldi
856 2045 896 2108 cle
928 2045 1031 2130 cipho,
1056 2046 1092 2109 in
1126 2069 1191 2132 quo
1225 2049 1311 2113 idcnr

265 2152 407 2218 Sanctus
438 2149 549 2214 bibere
572 2147 708 2223 solebat,
731 2167 806 2212 cum
836 2169 956 2232 magna
978 2148 1152 2214 devotione
1184 2155 1234 2214 et,
1248 2151 1312 2216 lide

265 2240 389 2316 bibente,
432 2253 580 2318 assumpte
617 2250 699 2318 potu,
738 2263 789 2301 vas
828 2264 950 2302 vacuum
990 2248 1147 2302 tabescenti
1185 2250 1312 2304 maxillas

265 2341 365 2398 statim
388 2338 532 2411 apposuit,
550 2332 584 2391 et
600 2327 747 2391 strictius
766 2335 884 2406 junxit:
909 2333 943 2392 et
958 2341 1054 2391 amoto
1077 2343 1143 2409 post
1166 2339 1312 2394 modicum

265 2449 283 2486 a
305 2429 425 2485 maxilla
459 2427 586 2492 rusculo,
620 2425 662 2480 ita
694 2425 784 2480 totius
817 2425 911 2479 morbi
943 2427 1037 2482 sanies
1071 2432 1157 2500 atque
1191 2431 1314 2499 putredo

266 2519 329 2576 rasi
360 2519 496 2582 adhaesit,
527 2512 563 2570 ut
594 2515 792 2585 redintegrate
823 2534 840 2570 a
874 2516 1013 2586 languore
1045 2517 1164 2572 maxilla
1198 2520 1313 2573 nullum

265 2609 407 2682 praeteriti
430 2606 500 2662 mali
523 2592 865 2676 indicium'deprehendi
888 2610 984 2676 posset
1007 2607 1036 2660 in
1060 2607 1120 2661 illa,
1178 2598 1219 2662 In
1250 2607 1314 2663 tcs-

266 2690 441 2754 timonium
464 2692 575 2752 autem
599 2685 686 2751 tanti
711 2685 858 2751 miraculi
881 2690 916 2749 et
939 2685 1074 2750 virtutis
1097 2687 1169 2764 Dei,
1196 2699 1315 2753 maxilla

266 2779 324 2844 illa
346 2788 433 2860 paulo
456 2797 584 2862 semper
605 2783 793 2838 rubicundior
814 2789 877 2839 erat
899 2775 1009 2840 altera

313 2871 362 2932 24⁴.
403 2867 545 2944 Quidam
584 2881 682 2928 mutus
720 2875 756 2928 ab
794 2873 918 2928 infantia
952 2865 988 2928 in
1022 2867 1163 2949 quadam
1203 2868 1315 2934 Sancti
1332 2887 1446 2936 lldumb

268 2957 414 3023 Oswaldi
437 2955 619 3021 i'estivitate
644 2953 730 3018 vidit
752 2964 896 3034 quendam
920 2963 975 3018 sibi
1008 2963 1142 3034 ignotum
1164 2969 1313 3022 reverendi
1329 2969 1388 3002 ”¹⁰¹¹
1399 2955 1421 3004 1⁸

267 3057 366 3112 vultus
398 3055 558 3118 hominem,
583 3054 685 3108 decora
720 3053 827 3108 canitie
858 3053 1014 3122 fulgidum,
1038 3055 1208 3111 sacerdotali
1235 3065 1314 3112 reste
1328 3017 1481 3136 ὃῗξξιὲἷὲῐ·

267 3147 417 3211 amictum,
441 3142 577 3198 baculum
610 3159 698 3196 manu
731 3148 904 3212 gestantem,
929 3143 1010 3212 quasi
1043 3161 1060 3196 a
1083 3145 1145 3200 loeo
1170 3147 1315 3218 sepulchri
1330 3155 1407 3202 romb.

267 3227 372 3290 sancti
408 3225 551 3311 episcopi
583 3233 620 3287 ad
654 3249 684 3286 se
718 3237 930 3303 properantem.
978 3231 1032 3288 Cui
1065 3251 1161 3290 coram
1184 3254 1214 3290 se
1237 3242 1314 3290 trun·

252 3319 375 3390 'seunti
400 3325 469 3378 dum
504 3328 591 3393 caput
622 3321 774 3376 humiliter
805 3322 969 3387 inclinaret,
994 3322 1056 3393 ipse
1088 3325 1182 3379 levato
1214 3326 1316 3381 baculo

267 3433 334 3472 eum
358 3416 389 3470 in
413 3414 488 3469 collo
520 3411 670 3484 percussit,
694 3417 724 3466 et
756 3411 907 3484 disparuit
953 3411 1001 3467 Ad
1033 3430 1119 3483 quem
1143 3416 1233 3470 ictum
1266 3416 1315 3470 ille

269 3503 398 3569 territus,
422 3504 502 3557 illico
525 3519 632 3571 magna
655 3501 801 3571 coagulati
823 3501 975 3570 sanguinis
997 3519 1092 3556 massa
1113 3523 1147 3558 ex
1171 3523 1220 3560 ore
1236 3507 1333 3560 illius·

269 3596 300 3649 in
333 3599 439 3648 terram
472 3591 602 3654 cadente,
635 3581 774 3646 clamare
804 3581 928 3666 coepit:
970 3591 988 3615 ‘⁶
1001 3591 1176 3660 Succurrite,
1208 3613 1315 3667 quaeso,

271 3685 289 3708 “
314 3681 484 3746 succurrite,
507 3685 538 3736 et
559 3699 597 3736 ne
620 3680 762 3750 sanguine
792 3698 857 3737 meo
879 3670 1015 3736 ecclesia
1037 3681 1156 3738 Domini
1179 3684 1314 3748 violetur,

272 3775 289 3798 '⁶
314 3770 384 3827 hinc
414 3789 462 3826 me
492 3769 665 3826 festinanter
694 3767 820 3838 ejicite.''
876 3769 1005 3824 Eduetus
1030 3767 1126 3826 extra
1147 3763 1314 3830 ecclesiam

270 3861 395 3918 ubertim
418 3851 611 3938 sanguinem
641 3848 760 3926 emisit,
783 3854 817 3914 et
847 3858 966 3913 modum
997 3877 1057 3915 suae
1081 3864 1239 3918 curationis
1261 3863 1315 3918 cir·

270 3956 447 4007 cnmstantes
469 3948 592 4004 edocuit.

316 4035 366 4097 25.
391 4030 508 4095 Veraci
539 4029 672 4094 flamma
705 4027 819 4092 urbem
854 4027 1032 4114 Wigorniae
1070 4031 1142 4096 viee
1174 4032 1316 4118 quadam
1331 4047 1473 4102 Hirshn'ne

269 4123 500 4206 conflagrante,
523 4146 590 4182 mox
613 4134 647 4182 ut
678 4117 720 4182 ad
744 4127 880 4182 feretrum
915 4117 1014 4182 Sancti
1047 4129 1164 4186 flamma
1186 4131 1316 4196 accessit,
1330 4124 1426 4180 ΜΝ

270 4221 348 4292 ignis
370 4219 511 4288 elanguit,
535 4236 588 4272 nec
611 4217 733 4271 ulterius
756 4215 866 4287 aliquid
899 4217 1103 4289 absumpturus
1134 4222 1164 4274 in
1188 4239 1218 4275 sc
1242 4221 1316 4278 dele·
1330 4181 1483 4302 {dmentem

269 4313 317 4366 cit.
365 4299 484 4364 Stabat
507 4299 595 4362 eninr
625 4297 777 4382 pauperis
809 4297 978 4380 cujusdam
1010 4299 1127 4365 domus
1157 4302 1318 4369 arundine

268 4409 371 4482 texta,
395 4402 480 4466 asui
505 4399 613 4465 medio
636 4399 767 4485 integra
788 4404 823 4464 et
845 4421 925 4464 sana
937 4425 944 4480 ;
975 4402 1080 4468 altera
1102 4403 1173 4490 ejus
1196 4407 1318 4474 medie·

568 4655 575 4688 ¹
594 4655 757 4722 Peragraphs
770 4657 852 4705 23-27
866 4655 900 4707 all
912 4670 962 4706 om.
977 4657 1011 4710 Α,
