3410 5840
548 911 648 958 arvus
671 911 715 958 or
738 868 807 957 raa
829 906 1075 956 Aacaarsnoas.
1257 889 1322 953 519

266 1097 565 1184 archiepiscopatus
580 1098 632 1162 sui
642 1098 720 1178 xxi,
731 1098 911 1164 indictione
921 1121 961 1175 v,
971 1099 1004 1163 ii.
1021 1096 1181 1163 kalendas
1197 1097 1320 1172 Martii,

265 1198 346 1264 feria
358 1200 401 1276 ii,
417 1200 580 1264 transiens
592 1221 633 1264 ex
652 1200 714 1265 hac
728 1200 809 1276 vita,
824 1200 916 1286 regni
940 1200 1079 1265 caelestis
1101 1197 1223 1284 gandia
1246 1220 1320 1264 con-

265 1288 401 1370 scendit,
424 1305 454 1354 ct
478 1299 626 1369 Wigornae
650 1299 680 1352 in
715 1299 836 1355 ccclesia
870 1299 985 1354 Sanctae
1010 1298 1122 1362 Marias,
1147 1315 1234 1368 quam
1258 1297 1319 1368 ipse

265 1405 283 1440 a
314 1388 512 1442 fundamentis
544 1393 754 1452 construxerat,
792 1388 954 1458 requiescit,
1013 1379 1088 1464 Ipse
1127 1378 1227 1442 ctiam
1251 1377 1337 1442 ino-⁹

264 1468 445 1532 nasterium
485 1468 672 1554 Ramesege,
696 1468 784 1554 qnod
822 1468 877 1532 ille
901 1488 976 1532 cum
1000 1467 1202 1533 AEthelwino
1236 1467 1318 1531 duce

176 1569 181 1577 '
264 1567 483 1659 Orientalium
500 1569 682 1656 Anglorum
699 1569 892 1646 construxit,
907 1570 950 1634 vi.
969 1578 1032 1632 idus
1048 1577 1230 1642 Novembris,
1248 1577 1319 1631 feria

264 1666 317 1732 iii,
334 1669 519 1722 consecravit.

308 1747 371 1812 Cui
394 1757 568 1812 venerahilis
592 1747 923 1813 Medeshamstadonsis¹
949 1757 1047 1818 abbas,
1071 1755 1220 1820 Aldullus,
1244 1769 1316 1811 suc·
1330 1753 1418 1804 Adnis-

263 1838 367 1901 cessit.
436 1838 501 1902 Hic
535 1859 623 1912 vero,
659 1838 842 1904 Dominicre
875 1837 1110 1902 incarnationis
1132 1857 1219 1900 anno
1242 1843 1315 1911 ΜΨ,

264 1936 450 2007 coepiscopis,
492 1936 654 2000 ablaticus,
687 1929 896 2013 presbyteria,
946 1925 1121 2003 monachia,
1157 1935 1313 2006 religiosis-

264 2038 327 2100 que
362 2026 433 2100 pris
456 2017 651 2102 aggregatis,
676 2027 776 2082 Sancti
811 2025 935 2082 oswaldi
961 2013 1203 2100 archipraesulis
1238 2043 1313 2088 ossa,

264 2133 340 2168 anno
362 2115 439 2185 regis
462 2115 626 2184 Angloruur
661 2107 842 2171 AEtlrcl1·e(ll
866 2133 943 2180 xxv„
968 2115 1127 2169 indictione
1151 2131 1208 2177 xv„
1233 2105 1313 2168 xvii.

264 2195 424 2260 kalendas
447 2205 529 2270 Maii,
563 2204 635 2259 scria
658 2205 724 2270 iiii,
759 2225 775 2260 c
807 2206 920 2259 tumulo
954 2205 1068 2272 laxavit,
1101 2208 1131 2257 et
1154 2203 1184 2256 in
1208 2203 1315 2256 sonnio

263 2294 340 2364 quod
372 2299 522 2364 paraverat
556 2293 712 2350 honorifice
746 2285 876 2360 locavit,
908 2299 938 2349 et
969 2313 1027 2348 non
1061 2293 1153 2348 multo
1186 2299 1260 2362 post,
1285 2291 1315 2345 id

262 2389 307 2436 eat
330 2383 360 2438 ii.
384 2401 475 2438 nonas
499 2375 612 2450 Maiae,
637 2384 698 2456 ipsc
713 2385 866 2441 defunctas
883 2383 913 2438 in
929 2383 1050 2439 ecclesia
1074 2385 1188 2438 Sanctae
1212 2381 1314 2436 Mariae

264 2472 411 2542 Wigornae
435 2470 486 2528 est
509 2473 647 2544 sepultus.
1373 2513 1377 2527 .

310 2553 373 2616 Oui
397 2554 553 2618 suceessit
575 2553 676 2618 abbas
710 2553 890 2620 Wlstanns.
944 2553 1010 2617 Hic
1032 2573 1119 2616 anno
1151 2550 1315 2616 incarnati
1328 2564 1445 2614 warstan

265 2642 363 2710 Verbi
386 2647 542 2706 i1⁰xx⁰111⁰
587 2643 733 2721 Eboraci,
756 2671 775 2706 v
797 2652 936 2708 kalendas
966 2651 1060 2715 Junii,
1084 2650 1157 2705 seria
1188 2649 1243 2714 iii,
1267 2649 1314 2704 tle-
1329 2632 1484 2683 “nimrim

262 2741 407 2810 fungitur,
431 2733 488 2796 scd
511 2755 628 2818 corpus
652 2733 722 2818 ejus
746 2733 835 2819 Hely
852 2733 998 2818 defertur
1021 2737 1055 2795 et
1079 2739 1119 2794 ibi
1143 2740 1291 2810 sepelitur.

308 2819 372 2887 Oui
411 2831 549 2886 successit
585 2831 714 2886 Allricna
752 2831 963 2887 Wintoniensis
1001 2829 1184 2902 praepositus.
1249 2819 1314 2883 Hic

262 2932 350 2974 anno
372 2921 527 2974 M⁰xx⁰vl⁰
550 2921 672 2976 Romam
705 2921 769 2985 ivit,
802 2925 832 2975 ct
865 2939 882 2974 a
914 2921 1048 2975 Johaunc
1081 2937 1156 2990 papa
1193 2917 1313 2989 pallium

259 3001 410 3086 suscepit.
454 3010 541 3064 rinno
566 3011 650 3076 aar,
674 3007 708 3066 et
730 3001 935 3086 episcopatus
958 3001 1010 3064 sui
1033 3021 1112 3075 xxv,
1132 2997 1314 3062 Suthuelle

261 3089 445 3164 defunctus,
469 3089 503 3152 in
527 3089 726 3154 monasterio
750 3089 842 3175 Burg
863 3089 1028 3174 sepelitur.

308 3177 371 3242 Cui
405 3189 481 3258 rogis
515 3187 649 3243 Edwaidi
684 3189 851 3260 capellanus
885 3187 1008 3242 Kinsius
1030 3187 1175 3242 successit.
1215 3177 1314 3242 Anno
1328 3203 1443 3252 Kinsius,

261 3279 366 3344 arax&
391 3275 425 3332 et
458 3267 758 3353 archiepiscopatus
781 3269 833 3333 sni
865 3269 921 3344 vi0,
966 3269 1009 3331 xi.
1046 3267 1113 3340 kal,
1149 3265 1313 3339 ianuarii,

261 3369 398 3434 Eboraci
422 3371 514 3434 obiit.
554 3369 659 3455 Cujus
675 3393 791 3456 corpus
807 3370 849 3434 ad
866 3369 1102 3434 monasterium
1118 3369 1207 3452 quod
1227 3369 1315 3454 Burg

262 3473 385 3537 dicitur
408 3472 556 3536 delatum
581 3472 757 3537 honorifice
781 3478 831 3537 cst
855 3471 1066 3536 tumulatum.

305 3574 368 3638 Pro
403 3597 467 3658 quo
507 3573 731 3658 Wigornensis
762 3575 933 3659 episcopus
956 3572 1120 3637 Aldredus
1143 3572 1184 3634 ad
1209 3571 1312 3634 archi·
1327 3577 1432 3627 Aldreu.

261 3677 485 3761 episcopatum
521 3677 556 3739 in
590 3677 780 3741 Nativitate
803 3675 940 3740 Domini
957 3676 1101 3761 eligitur,
1125 3689 1155 3738 et
1178 3684 1312 3738 Heresor·

260 3774 358 3828 densis
381 3775 565 3845 praesulatus,
582 3767 639 3850 qui
655 3765 686 3830 ei
710 3773 844 3851 propter
866 3787 959 3830 suani
984 3764 1182 3828 industriam
1206 3764 1314 3828 fuerat

260 3855 459 3930 commissus,
482 3855 649 3940 capellano
672 3855 827 3942 Edgithac
843 3854 1117 3941 1·cginae,Waltero
1135 3862 1313 3932 Letharingo

260 3959 305 4008 est
327 3953 420 4008 datus.
466 3943 564 4008 Anno
588 3954 703 4008 n⁰LX1⁰
725 3943 888 4008 Alciredus
910 3943 1122 4008 Eboracensis
1138 3941 1312 4028 archiepis-

261 4055 359 4119 copus
383 4061 448 4098 cnm
472 4043 570 4098 ll'ostio
593 4043 699 4098 comite
723 4043 846 4098 Romam
869 4034 942 4108 ivit,
958 4038 992 4097 et
1007 4053 1027 4096 a
1043 4032 1204 4096 Nicholao
1228 4053 1314 4118 papa

261 4123 399 4209 pallium
424 4125 576 4209 suscepit.
623 4124 664 4187 In
688 4123 759 4189 loco
794 4145 871 4188 vero
906 4143 965 4188 sno
997 4123 1039 4187 ad
1064 4121 1312 4207 wigornensem

261 4225 428 4291 ecclesiam
444 4227 606 4311 quendam
623 4225 819 4291 monachum
842 4247 947 4301 surim,
963 4225 1096 4290 nornine
1113 4223 1311 4298 Wlstanum,

260 4327 428 4394 ordinavit
451 4329 647 4416 episcopum,
669 4343 700 4392 et
722 4337 774 4393 xii.
808 4337 894 4394 villas
927 4336 983 4392 eibi
1014 4335 1146 4401 retinuit,
1170 4325 1312 4410 reliquas

259 4451 338 4495 vero
361 4429 511 4496 Wlstano
535 4435 693 4516 tanquam
718 4431 840 4498 vicario
870 4452 930 4495 suo
952 4429 1093 4514 reliquit.
1151 4427 1313 4492 Praeterea

260 4533 302 4598 de
337 4539 425 4598 terra
447 4535 601 4620 emptitia
633 4554 731 4620 qnam
765 4555 825 4598 sua
855 4527 1022 4618 probitate
1044 4529 1252 4617 acquisierat,
1277 4529 1312 4594 in

260 4635 403 4702 ecclesiis
427 4635 542 4702 Sancti
566 4637 656 4702 Petri
681 4636 827 4712 Eboraci,
858 4639 892 4700 et
916 4633 1030 4701 Sancti
1054 4631 1217 4699 Johannis
1250 4631 1311 4696 Be-

476 4879 485 4918 ¹
503 4877 788 4952 Medatamrmreaa]
809 4885 834 4937 id
846 4891 886 4936 ost
897 4879 983 4935 Burch
995 4880 1077 4934 crateri.
