3582 5798
651 842 810 894 AUCTORE
834 842 1009 894 munuc.
1302 835 1344 898 53

291 1027 353 1096 hoc
374 1029 438 1094 sibi
461 1029 505 1096 ad
528 1026 743 1114 optinendam
767 1029 854 1096 tenti
889 1028 1056 1114 pontificis
1078 1029 1341 1096 benedictionem
1355 1045 1473 1108 gemetu

290 1151 358 1196 non
388 1129 488 1197 nihili
521 1129 742 1217 profuturum.
803 1129 877 1198 Hac
915 1130 1028 1216 itaque
1062 1131 1116 1198 die
1139 1153 1161 1198 a
1182 1133 1343 1201 fratribus
1356 1117 1515 1172 ⁸⁰¹¹t¹⁰¹¹¹¹d²

290 1233 437 1320 ejusdem
467 1231 606 1320 scyphi¹
641 1232 768 1319 liquore
801 1253 862 1319 pro
891 1252 982 1299 more
1004 1232 1117 1313 libato,
1140 1234 1259 1302 ultimo
1292 1237 1344 1304 illi

290 1336 348 1421 qui
370 1336 510 1400 ultimus
532 1335 677 1415 sedebat,
703 1335 834 1402 infirmo
858 1335 1015 1403 videlicet
1045 1335 1151 1416 fratri,
1174 1338 1343 1426 scyphus8

290 1437 360 1524 ipse
382 1459 458 1504 cum
473 1441 556 1524 potu
583 1436 741 1504 defertur.
782 1436 888 1518 Quem
911 1437 967 1504 ille
990 1438 1219 1506 intermunus
1241 1442 1342 1508 susci·

289 1545 391 1631 piens,
415 1549 451 1610 et
480 1565 556 1610 eum
579 1543 780 1611 sanctissimi
795 1543 861 1608 viri
883 1543 940 1610 siti
964 1543 1044 1609 olim
1067 1546 1341 1614 adminiculatum

288 1647 388 1714 firisse
404 1668 609 1735 cognoscens,
632 1646 804 1734 ingemuit,
820 1667 1061 1734 conversusque
1076 1654 1188 1715 mente
1204 1671 1244 1718 ac
1258 1671 1339 1720 voce

288 1750 331 1816 ad
354 1751 472 1828 Deum,
495 1754 568 1817 orat
591 1749 646 1836 pia
668 1769 763 1837 prece
785 1749 850 1814 sibi
865 1770 924 1835 per
946 1750 1065 1818 merita
1088 1749 1217 1820 sanoti³
1238 1754 1343 1840 patris

290 1853 437 1921 Oswaldi
460 1851 616 1930 misereri,
638 1873 677 1918 ae
699 1851 839 1920 salutmi
856 1851 1001 1918 remedio
1023 1852 1205 1921 miserabili
1228 1857 1341 1922 morbo

289 1977 355 2040 quo
396 1955 651 2022 consumebatur
692 1953 781 2020 dulci
819 1953 968 2022 bonitate
1006 1956 1138 2022 mederi.
1201 1957 1343 2025 Lumina
1354 1972 1499 2024 Thermon

288 2057 599 2125 circumsedentium
632 2055 690 2121 illo
718 2055 917 2143 diriguntur,
942 2061 976 2122 et
1008 2057 1107 2124 conia
1129 2060 1278 2125 omnium
1299 2039 1509 2157 ειάζξξξξὲξξ

288 2161 447 2246 pietatem
478 2157 719 2226 inflectuntur.⁴
764 2158 872 2224 Orant
903 2158 967 2224 sub
993 2159 1126 2227 silentio
1161 2161 1341 2242 Christum,
1355 2173 1462 2222 wasers

288 2269 323 2327 et
346 2284 411 2349 quo
433 2262 626 2349 permerito
648 2261 961 2346 intercessionesque
984 2262 1033 2348 pii
1049 2263 1196 2329 Oswaldi
1220 2264 1341 2334 afflicto
1354 2254 1452 2292 Μεθ’·

288 2365 464 2432 subveniat
494 2363 662 2429 unanimis
693 2363 842 2428 omnium
874 2363 1018 2429 intentio
1050 2365 1178 2432 clamat.
1250 2367 1340 2450 Quid

288 2471 421 2534 mororl
481 2465 628 2553 Accepta
652 2465 882 2532 benedictione
905 2487 926 2532 a
948 2465 1248 2547 circumstantibus,
1283 2471 1339 2536 ab·

289 2575 421 2656 sumpto
455 2575 545 2656 potu,
577 2590 637 2635 vas
668 2589 810 2636 vacuum
833 2570 1017 2637 tabescenti
1048 2571 1193 2638 maxillm
1224 2573 1340 2640 statim

287 2672 451 2760 apposuit,
474 2671 663 2758 appositum
686 2670 835 2738 strictius
846 2671 972 2758 junxit.
1018 2671 1105 2739 Mira
1127 2674 1192 2740 Dei
1215 2676 1338 2761 pietus!

287 2776 409 2842 Amoto
431 2780 505 2862 post
528 2772 694 2840 modicum
708 2772 844 2842 vasculo
860 2794 881 2841 a
895 2773 1042 2853 maxilla,
1058 2796 1130 2842 ecoe
1144 2781 1150 2841 l
1173 2777 1222 2844 ita
1236 2780 1341 2845 totius

288 2879 394 2944 morbi
416 2877 524 2943 sanies
558 2880 658 2962 atque
681 2877 824 2963 putredo
855 2877 927 2942 vasi
952 2877 1100 2956 adhaesit,
1124 2885 1164 2944 ut
1196 2881 1340 2947 redinte-

287 2985 382 3067 grata
415 2978 619 3064 elanguere
644 2977 782 3044 maxilla
805 2977 935 3042 nullum
959 2979 1123 3064 praeteriti
1147 2981 1226 3046 mali
1252 2983 1339 3048 indi-

287 3083 373 3149 cium
401 3080 602 3169 deprehendi
625 3085 735 3167 posset
757 3081 793 3145 in
815 3081 881 3147 illa
928 3080 1017 3147 Huic
1038 3082 1226 3149 admirabili
1248 3085 1338 3152 facto
1351 3101 1481 3180 unicus,

287 3184 439 3251 attestari
461 3183 579 3249 solitus
602 3187 675 3250 erat
697 3183 905 3250 venerandus
927 3188 963 3249 et
985 3205 1060 3250 cum
1086 3183 1209 3252 honore
1232 3189 1337 3253 nomi-
1350 3171 1439 3286 z¹v⁸¹¹⁰l
1452 3170 1481 3285 (ξ

286 3287 415 3352 uncus
448 3285 620 3352 wlstanus
651 3283 841 3372 wigornae⁶
875 3286 1022 3352 elusus
1051 3287 1199 3366 anesus,
1234 3289 1288 3354 vc
1318 3252 1507 3380 stultu

285 3389 428 3476 pueritia
451 3393 640 3454 sanctarum
655 3387 820 3454 virtutum
843 3388 924 3454 flore
947 3393 1093 3466 ornatus
1115 3409 1154 3455 ac
1176 3390 1338 3479 singulari
1350 3370 1402 3420 *¹¹¹⁸
1413 3384 1480 3420 ⁰¹³⁰·

287 3491 428 3577 quadam
444 3490 611 3556 serviendi
634 3489 705 3555 Deo
728 3489 914 3576 efficacique
937 3491 1076 3558 scientia
1087 3492 1257 3578 praeditus,
1280 3497 1339 3582 qui

287 3595 427 3660 eundem
458 3592 657 3659 monachum
691 3592 756 3657 sibi
795 3597 830 3658 et
861 3593 1057 3660 infirmitate
1092 3601 1269 3680 gravatum
1304 3604 1338 3664 et

287 3696 429 3762 sanitate
467 3696 628 3760 donatum
666 3694 878 3760 notissimum
923 3695 1045 3787 fuisse³
1062 3696 1182 3763 referre
1220 3699 1338 3766 solitus

287 3805 364 3864 erat
410 3797 552 3863 Dicebat
566 3797 668 3863 etiam
684 3819 718 3864 se
741 3797 872 3874 vidisse,
896 3798 984 3882 quod
1008 3797 1044 3862 in
1069 3801 1204 3864 tentum
1234 3803 1338 3887 pestis

287 3901 344 3966 illa
364 3899 481 3966 faciem
497 3899 602 3986 ipsius
617 3897 796 3977 exederat,⁶
810 3904 859 3978 ut,
875 3905 1071 3986 consumpta
1085 3906 1160 3967 cute
1176 3907 1210 3968 et
1232 3923 1338 3984 earne,

286 4003 376 4068 nuda
398 4002 600 4081 mandibula,
626 4003 709 4066 nudi
733 4003 848 4068 dentes
870 4023 947 4068 cum
969 4004 1116 4090 gingivis
1131 4013 1337 4092 apparerent.

287 4104 390 4190 Cujus
412 4105 491 4170 mali
506 4104 639 4171 funesto
661 4104 795 4170 horrore
817 4105 958 4170 aliorum
980 4111 1150 4191 aspectum
1174 4109 1337 4177 offendere
1350 4121 1507 4202 Theqamer

285 4228 413 4286 cavens,
436 4207 606 4273 maxillam
630 4207 784 4293 contagio
807 4207 857 4271 illi
887 4207 1065 4273 obnoxiam
1096 4232 1240 4298 appenso
1263 4215 1338 4280 velo
1351 4189 1493 4251 ΝΜ

284 4314 469 4376 contectam
488 4309 617 4396 jugiter
639 4308 792 4374 habebat.
840 4307 923 4389 Quae
946 4310 1086 4378 maxilla
1107 4313 1166 4378 ubi
1200 4317 1338 4384 sanitati
1350 4256 1458 4372 :leigii

284 4414 441 4480 restituta
474 4419 533 4492 est,
556 4413 716 4499 quamdiu
749 4411 928 4479 monachus
960 4413 1049 4480 idem
1071 4415 1152 4482 vitoe
1183 4422 1336 4506 praeseuti
1350 4389 1507 4508 liam&

318 4615 325 4645 ¹
342 4613 444 4680 scyphi]
465 4613 604 4678 muctifieo,
614 4614 649 4666 A.
660 4613 692 4666 B.
872 4615 884 4649 ⁴
900 4615 1075 4686 Moriuntur]
1096 4617 1246 4686 diriguntur,
1258 4625 1290 4674 B.
1311 4572 1336 4582 -

198 4728 208 4739 .
317 4693 328 4726 ²
343 4692 462 4760 scyphus]
483 4693 570 4757 soiius,
581 4693 611 4746 Β.
871 4695 881 4726 ⁵
904 4695 1042 4762 Wiqomoe]
1064 4697 1211 4764 wigornia,
1222 4702 1253 4752 B.

316 4775 328 4808 ³
344 4773 440 4840 mucci]
461 4772 510 4834 sui,
520 4774 555 4824 A.
871 4775 882 4808 ⁶
898 4775 1030 4844 exederat]
1049 4783 1173 4841 exararet,
1184 4779 1217 4832 B.
