3606 5798
415 859 479 922 284
736 874 817 924 msa
840 873 884 924 or
907 875 953 925 sr.
978 873 1139 927 unsrun.

411 1058 546 1124 videtur
567 1059 604 1124 in
626 1059 781 1146 lacrymis
803 1059 956 1128 resoluta.
1003 1059 1077 1141 Quo
1098 1059 1194 1139 facto,
1210 1067 1322 1128 tumor
1336 1060 1463 1127 ventris
1520 1137 1523 1142 ¹

411 1161 554 1239 sedatur,
577 1167 611 1228 et
643 1161 800 1234 caecitatis
826 1161 931 1227 nubes
953 1161 1127 1249 affligatur.
1175 1163 1365 1250 Assmgunt
1392 1184 1462 1228 om-

409 1284 468 1328 nes
490 1263 533 1330 ad
555 1269 665 1350 grates
687 1264 760 1330 Deo
790 1263 976 1330 referendas
1008 1285 1068 1351 pro
1090 1265 1298 1332 mirabilibus
1320 1263 1398 1330 Suis
1420 1287 1462 1330 ex

410 1364 535 1452 duplici
573 1365 720 1432 mulieris
757 1365 945 1432 curatione
965 1367 1134 1452 geminata
1181 1367 1302 1432 laetitia
1348 1372 1461 1454 gratu-

410 1466 524 1533 lantes.

241 1587 381 1639 Acumen
455 1569 509 1635 Ad
543 1561 711 1637 cumulum
743 1569 845 1636 etiam
879 1570 1018 1636 calestia
1051 1571 1168 1658 gratiae
1199 1592 1267 1638 uon
1290 1576 1341 1637 est
1362 1571 1461 1637 mira-

241 1655 375 1771 paeesius-
409 1669 519 1736 culum
558 1671 642 1735 illud
680 1671 905 1758 sepeliendum
949 1671 1039 1757 quod
1084 1673 1198 1738 eadem
1239 1672 1293 1738 die
1338 1673 1461 1739 dicitur

242 1737 378 1850 [idaeis
409 1777 642 1860 perpetratum.
689 1773 809 1840 Mulier
841 1774 993 1860 quaedam
1025 1773 1106 1838 dum
1134 1775 1169 1840 in
1201 1775 1346 1841 serotina
1366 1797 1461 1842 coena

241 1853 318 1919 *⁰⁸¹
409 1897 490 1942 escae
527 1876 702 1942 voracitati
739 1876 853 1963 gulam
893 1877 1029 1953 laxaret,
1067 1882 1196 1962 partem
1241 1897 1330 1944 ranae
1375 1877 1460 1944 male

409 1983 537 2064 pastam
579 1978 729 2064 gustavit
766 1977 803 2042 in
845 1977 986 2064 pastillo.
1034 1977 1108 2058 Qua
1145 1977 1250 2056 finita,
1289 1979 1462 2066 comperiit

407 2079 523 2165 gulosa
544 2101 579 2144 se
600 2084 670 2144 tam
694 2079 883 2146 obscaenum
906 2080 942 2144 in
969 2099 1065 2145 coena
1087 2078 1269 2145 devorasse.
1315 2079 1459 2147 Horrore

407 2180 520 2266 itaque
558 2180 682 2266 parlier
726 2186 761 2246 et
798 2200 919 2266 pavore
958 2200 1119 2266 percussa
1158 2185 1287 2265 partem
1325 2182 1459 2259 evomit,

406 2288 535 2369 partem
557 2282 697 2348 interius
720 2281 829 2347 invite
851 2282 1041 2347 reservavit.
1088 2281 1188 2346 Brevi
1206 2281 1341 2348 tandem
1357 2283 1458 2348 inter-

402 2384 492 2471 jecto
515 2390 661 2471 tempore
695 2383 796 2470 coepit
819 2383 911 2448 virus
934 2383 1133 2449 veneniferae
1156 2383 1251 2470 dapis
1273 2385 1360 2450 vires
1383 2407 1459 2450 suas

407 2507 465 2572 per
487 2491 580 2552 artus
603 2485 797 2563 diffundere,
820 2490 855 2550 et
877 2485 914 2550 in
936 2485 1149 2551 interioribus
1172 2486 1267 2550 venis
1289 2485 1458 2566 ebulliens,

238 2608 360 2660 Hcrhus·
406 2587 449 2654 ab
483 2587 597 2654 officiis
628 2588 697 2652 suis
734 2587 882 2653 membra
913 2587 1094 2674 suspendit
1140 2586 1250 2652 Pallor
1280 2587 1385 2673 igitur
1421 2589 1458 2652 in

239 2675 497 2768 bandbringsfacie,
532 2695 643 2754 tumor
675 2689 711 2752 in
743 2688 855 2765 latere,
887 2693 919 2753 et
943 2688 980 2753 in
1013 2692 1086 2754 tota
1118 2687 1270 2774 corporis-
1288 2689 1458 2774 superficie

224 2741 377 2870 ἷῗιξιέῗαῗιῗ
406 2790 550 2877 pustulae
582 2790 779 2878 purulentae,
805 2790 883 2856 vitae
917 2789 1046 2854 exitum
1078 2794 1113 2855 et
1154 2790 1270 2855 mortis
1310 2791 1458 2856 minatur

236 2875 394 3006 ffigp‘fflm
406 2893 600 2979 ingressum.
646 2891 756 2958 Variis
787 2891 893 2978 igitur
925 2890 1126 2957 cmciatibus
1156 2895 1252 2968 torta
1275 2891 1319 2957 ad
1342 2891 1457 2958 Sancti

234 3009 280 3058 her
295 3009 391 3059 mouth.
405 2995 561 3081 reliquias
592 3014 694 3060 manu
726 2993 873 3059 defertur
904 2993 1057 3058 maritali
1104 2991 1176 3057 Illis
1213 2991 1386 3058 orantibus
1423 3000 1458 3062 et
1525 3063 1529 3070 ,

405 3097 441 3160 in
473 3096 590 3182 fletum
628 3095 878 3174 confluentibus,
916 3095 959 3160 ad
998 3093 1112 3160 Sancti
1134 3095 1297 3180 praeconia
1331 3096 1458 3162 viscera

405 3199 498 3284 virus
532 3202 567 3276 et
600 3217 694 3262 venae
726 3217 890 3262 venenum
923 3215 981 3282 per
1011 3195 1077 3261 oris
1108 3196 1230 3261 ostium
1256 3195 1455 3275 effuderunt,

406 3298 542 3364 muliere
563 3298 670 3384 plenae
693 3297 831 3364 sanitati
853 3297 1018 3363 restituta.

235 3415 360 3466 Theaua
451 3399 541 3464 lllud
572 3399 673 3464 etiam
714 3398 922 3465 curationum
960 3397 1100 3464 cumulis
1138 3397 1279 3462 irrserere
1317 3397 1455 3484 dignum

235 3482 375 3601 fflffib
406 3503 497 3580 duxi,
519 3501 608 3588 quod
631 3499 803 3567 mulierem
826 3499 993 3586 quandam
1016 3498 1060 3564 ad
1082 3498 1249 3564 tumulum
1265 3499 1454 3564 venientem

235 3632 341 3668 woman
404 3607 453 3671 ita
484 3605 712 3692 captivaverat
745 3624 766 3668 a
799 3601 979 3667 nativitate
1012 3604 1142 3666 naturae
1173 3589 1330 3677 defectus,
1366 3601 1455 3686 quod

403 3711 491 3774 inter
522 3727 646 3773 annosa
677 3707 758 3771 vitae
790 3725 858 3770 suae
890 3709 1048 3790 tempora,
1071 3724 1132 3769 nec
1161 3701 1276 3789 lingua
1297 3703 1456 3768 formavit

404 3811 550 3887 verbum,
573 3829 634 3874 nec
666 3807 755 3873 auris
786 3805 923 3872 admisit
953 3805 1115 3870 auditum.
1163 3803 1286 3868 Verum
1320 3825 1394 3868 cum
1418 3804 1454 3868 in

403 3911 550 3977 oratione
583 3913 816 3996 pernoctasset,
846 3905 971 3992 duplici
1004 3905 1162 3992 languore
1185 3903 1332 3990 depulsa
1366 3905 1452 3991 plec-

402 4020 492 4080 trum
513 4013 637 4098 linguae
659 4009 844 4087 resolvitur,
868 4014 903 4075 et
924 4008 1059 4074 auditus
1078 4009 1184 4094 Janua
1206 4011 1377 4072 reseratur.

233 4111 343 4162 Aulius
447 4115 581 4180 Eisdem
619 4113 735 4178 diebus
765 4110 890 4177 femina
928 4110 1080 4195 quaedam
1118 4109 1155 4174 in
1191 4114 1322 4176 senecta
1358 4109 1454 4196 gravi

232 4179 389 4312 diffidi}
402 4217 562 4286 caecitatis
580 4215 722 4281 vinculis
744 4213 853 4278 luerat
876 4211 1019 4298 alligata.
1067 4211 1132 4278 Sed
1152 4217 1327 4298 postquam
1351 4212 1454 4277 medi-

231 4311 330 4362 theou.
402 4319 518 4389 einalis
533 4317 596 4383 olei
611 4315 792 4402 liquamine
807 4313 950 4404 putridae
973 4313 1109 4400 pupillae
1132 4313 1264 4378 fuerant
1287 4312 1453 4389 delibutae,

403 4427 501 4488 vetus
538 4419 646 4484 incola
676 4417 806 4483 caecitas
843 4415 992 4494 abcessit,
1030 4421 1065 4481 et
1095 4415 1299 4482 desideratus
1336 4415 1455 4502 hospes

402 4527 495 4590 visus
517 4520 727 4586 subintravit.
814 4537 816 4543 ·
