3582 5798
695 933 854 984 lucrosa
876 933 1015 985 snssro.
1332 923 1374 987 93

324 1113 454 1196 dissilit,
480 1119 603 1184 transit
634 1119 793 1198 molestia,
817 1126 852 1185 et
883 1119 969 1185 ferro
1000 1119 1086 1184 cutis
1118 1118 1263 1184 obducta
1295 1139 1373 1184 raro

324 1216 441 1284 fatens
464 1227 499 1287 et
520 1222 656 1308 putrida
685 1222 809 1308 absque
832 1223 923 1288 omni
945 1221 1087 1308 vestigio
1108 1221 1257 1286 vulneris
1280 1221 1375 1286 resti-

325 1321 434 1387 tuitur
456 1324 574 1390 similis
604 1326 696 1392 cerni
726 1325 870 1411 reliquae.
932 1323 978 1389 Et
999 1323 1098 1390 homo
1128 1324 1185 1389 ille
1208 1345 1308 1390 sanus
1339 1328 1374 1388 et

326 1423 501 1492 incolumis
531 1429 643 1493 natale
675 1428 782 1494 solum
811 1427 976 1516 gratiosus
1008 1427 1138 1514 repetit,
1164 1427 1299 1493 sedulus
1330 1426 1374 1492 ad

325 1529 523 1596 currendum
546 1531 669 1618 ubique
696 1537 731 1598 et
760 1531 1008 1618 praedicandum
1040 1531 1159 1598 merita
1181 1529 1373 1596 confessoris
1469 1583 1471 1586 .

325 1627 460 1696 Christi.

368 1730 440 1798 Nec
461 1734 568 1800 multo
590 1741 667 1822 post
690 1741 724 1801 et
745 1735 849 1800 elium
872 1735 1027 1800 similiter
1049 1735 1201 1800 vinctum
1226 1756 1244 1799 e
1267 1738 1374 1800 trans·
1390 1749 1518 1831 Anqder'

323 1833 460 1898 marinis
490 1837 642 1923 partibus
664 1837 808 1902 adduxit
830 1835 1006 1922 divulgata
1026 1835 1119 1902 fama
1140 1840 1283 1922 patratae
1305 1836 1373 1900 vir·
1386 1827 1532 1936 ffi‘g‘ss

324 1935 408 2000 tutis
431 1937 467 2000 in
490 1937 564 2016 alio,
587 1943 622 2003 et
644 1937 846 2004 consimilem
869 1937 994 2024 recepit
1016 1938 1204 2004 sanitatem.
1491 1923 1497 1936 ’

368 2037 531 2106 Praeterea
550 2041 733 2106 innumera
759 2039 870 2127 plebes
895 2044 1071 2118 mutorum,
1088 2061 1256 2118 caecorum,
1279 2036 1546 2126 para-llfflrbther

323 2135 500 2222 lyticorum
523 2143 720 2221 confluxere,
743 2147 915 2228 sperantes
931 2142 968 2205 in
991 2141 1134 2208 Domino
1161 2147 1197 2208 et
1218 2142 1255 2206 in
1277 2163 1373 2208 servo
1386 2107 1510 2158 macres.

324 2241 414 2327 Ejus,
430 2248 465 2308 et
484 2245 690 2310 sanabantur
713 2267 833 2310 omnes.
881 2244 963 2324 Quae
987 2245 1092 2330 magis
1114 2249 1251 2330 tangere
1274 2266 1374 2330 quam

324 2343 492 2411 immorari
515 2369 574 2434 per
589 2347 721 2434 singula
743 2347 941 2425 curavimus,
957 2347 1114 2432 quoniam
1133 2347 1375 2412 Translationis

323 2447 427 2532 ipsius
457 2449 563 2516 instat
594 2450 700 2528 stilus,
731 2471 830 2535 quam
864 2469 902 2514 eo
938 2448 1131 2534 diligentius
1171 2470 1307 2515 exarare
1340 2456 1375 2515 et

322 2551 462 2634 posteris
494 2556 624 2637 oportet
654 2551 854 2628 contradere,
881 2571 946 2636 quo
970 2551 1005 2614 in
1032 2571 1072 2616 ea
1097 2571 1215 2616 manus
1238 2549 1375 2618 Domini

325 2651 449 2718 effulsit
472 2653 651 2740 gloriosior,
677 2658 712 2719 et
737 2651 898 2718 tumulati
922 2651 1122 2720 cumulatior
1143 2651 1258 2739 gloria.

538 2991 587 3059 De
609 2989 835 3058 translatione
857 2989 978 3059 Sancti
1003 2987 1158 3058 Oswcldsi.

368 3169 471 3239 Beato
494 3173 607 3259 itaque
624 3173 779 3238 Oswaldo
803 3171 1004 3238 venerabilis
1027 3169 1187 3236 Aldulius
1210 3167 1373 3254 archiepi·
1386 3170 1481 3222 Aldulf

322 3295 439 3361 scopus
467 3276 630 3353 successit,
654 3277 707 3339 vir
728 3275 849 3340 habitu
876 3274 1057 3341 monachus
1079 3278 1114 3338 et
1137 3272 1371 3338 mandatorum
1385 3241 1526 3356 ffi‘fflt

320 3373 383 3442 Dei
399 3378 541 3443 eximius
553 3383 717 3444 executor.
756 3378 903 3443 Gerebat
914 3377 1017 3442 etiam
1029 3375 1186 3442 excubias
1196 3373 1371 3460 pastoralis
1384 3370 1456 3420 York
1467 3374 1518 3421 sno

319 3478 416 3545 officii
440 3480 476 3544 in
497 3481 688 3566 episcopatu
709 3479 928 3566 Wigorncnsi,
946 3484 1020 3544 tum
1043 3481 1178 3564 propter
1201 3476 1371 3542 novellum
1385 3436 1541 3489 W⁰¹⁰⁹⁸²⁰l

319 3607 451 3672 gregem
481 3583 724 3660 monachorum,
749 3589 821 3648 tum
845 3584 924 3669 quia
946 3604 1007 3669 par
1029 3581 1138 3646 cultus
1161 3580 1274 3645 arietis
1304 3601 1372 3645 non

317 3686 469 3752 fastidire
492 3685 686 3751 credebatur
708 3685 934 3750 humilitatem
957 3684 1074 3770 gregis.
1144 3683 1211 3748 Hic
1242 3705 1370 3768 permo-

319 3795 375 3854 tus
398 3790 568 3874 signorum
597 3788 785 3873 frequentia
808 3810 882 3874 quae
913 3788 950 3852 in
977 3787 1083 3872 digito
1113 3786 1178 3850 Dei
1200 3785 1286 3851 circa
1308 3785 1370 3850 Os·

321 3892 466 3958 waldum
496 3897 566 3956 tam
596 3891 794 3956 mirabiliter
824 3912 993 3957 coruscare
1028 3887 1192 3964 cernebat,
1215 3888 1371 3973 proponit

320 3995 512 4060 thesaurum
543 3994 705 4059 creditum
736 3994 772 4057 in
802 4013 974 4058 commune
1006 3990 1175 4066 deducere,
1204 3989 1362 4074 quatinus

320 4119 362 4163 ex
391 4095 581 4161 hominibus
612 4101 801 4181 assumptus
834 4116 894 4181 pro
926 4093 1116 4158 hominibus
1148 4091 1372 4156 constituatur

319 4201 433 4267 offerre
449 4201 536 4266 dona
557 4205 592 4264 et
615 4198 774 4264 sacrificia
797 4196 934 4262 Summo
950 4194 1119 4262 Sacerdoti
1142 4194 1179 4257 in
1198 4198 1367 4258 aeternum.

318 4303 437 4388 Neque
470 4301 558 4366 enim
589 4299 729 4365 dubium
756 4299 837 4384 quin
868 4297 1069 4384 patrocinari
1103 4293 1244 4360 sufficiat
1277 4295 1368 4380 apud
1379 4300 1538 4354 Heresolves

318 4403 459 4482 Patrem,
482 4403 577 4488 cujus
599 4407 670 4466 tam
700 4401 785 4466 mira
806 4401 916 4465 virtus
946 4400 1028 4464 mire
1051 4399 1144 4484 viget
1178 4418 1278 4483 super
1300 4369 1538 4486 ter-gsffillffoe

316 4529 395 4574 ram.
442 4505 569 4570 Aderat
583 4509 696 4570 autem
719 4503 932 4568 duodecimus
954 4523 1062 4567 annus
1084 4498 1263 4585 sepulturae
1286 4499 1367 4585 ejus,
1378 4501 1495 4552 remeius.

317 4617 353 4675 ct
373 4608 570 4696 proponitur
591 4605 763 4692 negotium
789 4604 931 4692 publice,
953 4608 1091 4690 rogatur
1113 4602 1293 4667 auctoritas
1317 4622 1367 4666 ec-

317 4711 432 4788 clesiae,
448 4713 656 4795 praetexatur
678 4707 747 4772 dies
769 4707 806 4770 in
829 4727 896 4791 qna
918 4705 1043 4772 Beatus
1059 4703 1234 4771 Oswaldus
1257 4723 1368 4769 recen-

316 4817 380 4880 seri
413 4813 532 4879 debeat
566 4813 609 4877 ab
640 4810 775 4878 ecclesia
807 4810 842 4875 in
877 4831 1015 4876 numero
1051 4809 1258 4875 Sanctorum.
1323 4807 1368 4874 Et
