3582 5798
628 901 674 952 ar
696 902 799 955 suen
821 903 891 953 rna
914 901 1084 954 caturca
1327 891 1391 956 133

338 1095 356 1123 “
378 1087 503 1155 borum.
552 1089 642 1170 Quid
664 1091 708 1155 ab
724 1089 885 1156 alterutro
901 1091 1023 1177 exigat,
1039 1091 1094 1156 vel
1108 1090 1269 1156 alterutro
1292 1090 1391 1155 dene·

335 1197 354 1226 “
375 1197 440 1278 get,
463 1197 575 1278 aperte
612 1199 748 1279 uterque
773 1193 975 1260 denunciet.’'
1023 1193 1127 1258 “Non
1149 1193 1265 1278 loquar
1286 1193 1392 1258 ambi-

337 1300 354 1329 “
378 1294 495 1372 tione,’'
534 1295 583 1361 ait
633 1295 890 1373 Cantuariensis,
931 1295 1022 1360 “nisi
1056 1295 1258 1382 professione
1299 1297 1391 1381 prius

337 1395 502 1462 “tradita
523 1418 733 1485 nequaquam
756 1397 806 1462 illi
828 1419 946 1464 manus
976 1398 1171 1484 imponam.''
1216 1399 1271 1463 Ad
1303 1400 1391 1484 quod

335 1497 477 1565 electus:
502 1499 581 1565 “De
612 1500 674 1567 hoc
700 1501 736 1566 in
768 1502 969 1567 sententiam
992 1506 1027 1566 et
1057 1501 1230 1567 consilium
1264 1500 1390 1566 domini

336 1608 353 1636 “
376 1621 471 1686 papae
495 1607 631 1687 paratus
661 1623 734 1667 sum
757 1624 810 1668 me
841 1601 988 1688 ponere.’'
1035 1602 1080 1666 Et
1114 1602 1187 1667 ille:
1214 1601 1320 1666 “Non
1342 1603 1391 1667 ita

336 1709 352 1738 “
372 1701 516 1788 juvenis,
539 1724 607 1768 non
637 1726 710 1768 sum
733 1705 814 1770 adeo
845 1704 937 1784 levis,
959 1725 1020 1771 nec
1042 1704 1089 1770 sic
1122 1703 1227 1789 agilis,
1249 1725 1310 1770 nec
1344 1704 1391 1770 sio

336 1811 353 1838 “
376 1809 565 1891 apparatus,
587 1810 628 1870 ut
649 1806 746 1872 modo
769 1811 902 1871 tanturn
926 1806 990 1871 iter
1012 1805 1211 1893 aggrediar.”
1258 1805 1303 1870 Et
1332 1806 1390 1870 ad-

337 1906 461 1973 diditz¹
478 1907 544 1973 “Si
559 1907 712 1973 dominus
734 1929 822 1994 papa
843 1907 927 1971 mibi
942 1929 996 1973 ore
1019 1908 1062 1972 ad
1082 1930 1117 1973 os
1133 1908 1334 1993 praeciperet,
1350 1913 1390 1972 ut

337 2016 353 2046 “
376 2032 443 2088 vos,
468 2012 612 2096 seposita
633 2010 841 2096 professione,
859 2028 1087 2086 consecrarem,
1105 2010 1145 2075 de
1168 2008 1231 2075 hoc
1252 2011 1389 2074 minime

336 2121 352 2148 “
376 2110 570 2178 obedirem.”
616 2111 712 2192 Quod
742 2111 840 2176 multi
875 2112 933 2198 qui
955 2112 1094 2177 aderant
1123 2117 1307 2197 pensantes,
1330 2133 1391 2178 nec

336 2216 489 2282 canonice
512 2237 572 2282 nec
595 2215 761 2301 sapienter
784 2214 910 2281 dictum
933 2219 1180 2301 reputaverunt.

382 2317 515 2383 Electus
538 2317 629 2402 apud
662 2316 942 2403 archiepiscopum
976 2316 1063 2380 nihil
1096 2321 1274 2394 assecutus,
1306 2317 1390 2403 peti-

336 2419 460 2484 tionem
483 2441 577 2485 suam
600 2423 634 2484 et
666 2439 857 2506 responsum
884 2418 964 2504 ejus,
988 2423 1022 2484 et
1053 2439 1221 2484 excessum
1254 2403 1291 2483 in
1322 2440 1391 2484 rna·

335 2526 421 2587 trem
444 2543 547 2601 suam,
571 2525 719 2586 sanctam
750 2521 934 2586 Romanam
965 2520 1143 2598 ecclesiam,
1166 2520 1236 2606 regi
1266 2521 1390 2586 retulit.

338 2623 434 2704 Quod
471 2623 528 2688 ille
559 2623 749 2689 indecenter
786 2623 909 2688 dixisse
946 2643 1152 2709 cognoscens,
1186 2627 1298 2687 tamen
1329 2644 1390 2689 nec

335 2747 436 2812 grave
458 2725 609 2803 nimium,
631 2746 693 2791 nec
714 2725 798 2790 bene
820 2725 964 2790 multum
987 2725 1119 2810 accepit
1166 2723 1289 2790 Noster
1307 2723 1388 2791 elec·
1402 2737 1507 2792 Turatin

335 2834 400 2908 tus,
423 2850 482 2916 per
505 2851 539 2894 se
562 2834 597 2894 et
627 2851 685 2915 per
708 2849 918 2916 quoscunque
950 2833 1088 2914 poterat,
1112 2827 1182 2913 regi
1204 2827 1380 2892 insistebat
1381 2806 1556 2924 ,mm

336 2931 521 3017 deprecans,
545 2929 741 3016 supplicans,
765 2929 943 3008 obsecrans,
967 2934 1007 2994 ut
1030 2929 1200 2994 dominum
1223 2933 1258 2994 et
1280 2951 1389 3015 regem
1402 2939 1520 3006 themg

335 3054 440 3110 suurn,
463 3037 504 3097 ut
525 3033 556 3098 ei
579 3033 750 3098 Romam'
740 3053 789 3098 ire
811 3031 1025 3118 permitteret,
1049 3031 1224 3096 ostendens
1247 3030 1389 3097 ecclesiae
1402 3012 1512 3125 {gem

335 3137 399 3202 sibi
422 3137 602 3203 commissae
633 3141 668 3201 et
698 3156 845 3222 personae
879 3157 947 3200 suae
971 3135 1007 3198 in
1038 3133 1256 3200 bonorumet
1290 3134 1391 3199 detri-

335 3244 486 3304 mentum
509 3259 586 3316 esse,
610 3238 703 3303 etin
735 3236 919 3322 periculum
941 3257 1099 3322 magnum
1122 3237 1241 3302 animae
1263 3235 1393 3302 fructus

335 3340 570 3426 archiepiscopi
593 3339 745 3424 recipere,
766 3343 801 3403 et
823 3336 966 3403 officium
985 3337 1167 3424 episcopale
1189 3359 1257 3402 non
1279 3337 1392 3416 facere,

336 3447 371 3508 et
393 3443 482 3529 quod
511 3440 742 3527 appellabatur
771 3461 839 3504 non
862 3461 938 3505 esse.
985 3439 1037 3504 De
1071 3444 1167 3504 tanta
1199 3461 1278 3506 vero
1310 3439 1392 3506 dila·

335 3545 435 3622 tione,
459 3547 494 3608 et
516 3547 651 3629 propter
678 3541 766 3658 quod
789 3541 925 3607 minime
948 3541 1106 3607 mandata
1139 3542 1228 3627 apud
1250 3544 1392 3628 Aposto-

336 3648 434 3713 licam
449 3645 559 3711 sedem
575 3644 730 3721 accusari,
755 3647 789 3708 et
811 3666 853 3709 ex
867 3644 979 3730 justit'
970 3666 1004 3710 1a
1019 3644 1171 3730 redargui
1195 3650 1229 3710 et
1243 3645 1438 3761 graviterall
1383 3644 1474 3696 But
1466 3661 1489 3695 1⁵
1501 3651 1547 3696 not

332 3749 478 3836 judicari
500 3769 604 3834 posse,
623 3767 684 3812 nec
704 3769 815 3833 regem
838 3768 900 3812 nec
918 3768 1056 3833 regnum
1079 3746 1141 3812 hoc
1164 3747 1284 3824 decere,
1310 3747 1387 3834 [sic]
1403 3712 1547 3828 doowecto

338 3857 539 3941 quapropter
570 3853 729 3918 exorabat
755 3857 796 3917 ut
828 3874 904 3917 eum
936 3853 992 3930 ire,
1016 3851 1070 3916 vel
1100 3851 1218 3916 saltem
1249 3851 1391 3930 mittere,

337 3955 495 4022 benevole
518 3955 719 4032 concederet,
742 3957 782 4018 ut
813 3953 895 4038 quid
917 3953 996 4040 regi,
1021 3952 1102 4039 quid
1125 3952 1189 4017 sibi
1212 3974 1310 4039 super
1331 3953 1393 4018 hoc

336 4057 502 4144 agendum
540 4061 626 4122 esset
657 4076 678 4122 a
712 4055 846 4120 domino
880 4075 968 4140 papa
1004 4055 1174 4140 acciperet.
1232 4054 1297 4120 Sed
1334 4076 1394 4120 rex

337 4165 493 4226 neutrum
516 4159 580 4225 hac
605 4159 678 4224 vice
713 4157 881 4234 concessit,
857 4158 962 4222 tsed
993 4177 1054 4223 nec
1075 4179 1136 4243 pro
1169 4163 1310 4244 utraque
1342 4179 1392 4225 ec·

337 4263 435 4331 clesia
458 4284 492 4328 se
515 4261 693 4326 missurum
723 4259 883 4346 promisit.
930 4258 986 4326 Sic
1008 4264 1192 4346 opportune
1215 4261 1393 4348 et1mpor-
1405 4273 1462 4327 The
1472 4274 1545 4326 arch

336 4371 417 4432 tune
440 4363 562 4430 electus
584 4363 655 4449 regi
677 4362 874 4442 insistebat3
897 4360 1159 4447 archiepiscopus
1181 4383 1260 4428 vero
1282 4384 1392 4450 regem
1404 4340 1564 4460 ffizhssgffff

336 4465 546 4554 interpellare
584 4469 618 4530 et
655 4463 846 4528 insimulare
878 4462 1075 4528 omnimodis
1105 4485 1174 4528 non
1205 4463 1393 4538 desistebat,
1405 4475 1564 4527 nuceum.

340 4589 401 4636 nec
423 4589 499 4634 eum
522 4566 614 4632 abire
636 4565 691 4632 vel
713 4565 846 4630 mittere
872 4563 1002 4642 sineret,
1025 4565 1082 4630 sed
1112 4569 1152 4630 ut
1174 4565 1216 4631 ad
1239 4565 1395 4652 profiten-

343 4725 1388 4758 q—-·,-—-—----···-----——---··

671 4812 680 4860 ,¹
698 4809 811 4877 addidit]
832 4809 958 4873 adierunt,
969 4809 1027 4864 MS.
