3606 5798
459 869 525 943 274
785 889 864 940 arra
885 889 930 939 or
952 889 1000 942 ar.
1023 888 1184 942 amaran.

289 1077 332 1126 aie
343 1091 376 1126 on
371 1076 431 1194 tihi
454 1075 649 1162 judicantur
671 1073 764 1142 dives
787 1079 821 1142 et
842 1097 977 1164 pauper,
992 1077 1029 1142 in
1043 1098 1112 1146 uno
1134 1077 1320 1163 eodemque,
1337 1081 1377 1143 ut
1397 1077 1511 1156 sertin,

289 1157 359 1194 ’ωε
403 1160 429 1209 5¹
459 1177 522 1256 die,
537 1197 665 1244 summo
688 1177 837 1264 pontifici
861 1177 1010 1266 augerio
1032 1183 1067 1245 et
1088 1177 1314 1265 archipraesuli
1337 1197 1396 1245 suo
1419 1179 1511 1246 Hen-

291 1290 427 1370 wioiam·
459 1281 526 1348 rico
560 1281 666 1346 vitam
697 1280 860 1346 violenter
892 1281 1034 1369 abrupit
1082 1280 1164 1363 Quae
1202 1281 1344 1368 quidem,
1382 1281 1513 1370 Spiritu

289 1357 442 1476 {ffifm
461 1381 583 1450 Sancto
605 1381 782 1461 revelante,
806 1382 903 1450 beato
929 1383 1019 1470 patri
1041 1381 1209 1450 Willelmo
1242 1389 1323 1450 sunt
1355 1383 1510 1452 indicat-a.

288 1492 381 1556 rousy.
460 1485 560 1552 Unde
582 1484 703 1552 accidit
725 1485 813 1570 quod
836 1506 911 1553 cum
942 1485 1009 1552 illis
1041 1485 1158 1552 diebus
1190 1487 1342 1572 quaedanr
1372 1485 1512 1554 edeam

459 1588 621 1656 mirabilis
644 1588 822 1676 sculpturae
856 1588 1039 1656 venerabili
1061 1588 1286 1654 Wintoniensi
1317 1588 1470 1676 episcopo
1490 1609 1512 1654 a

459 1689 689 1758 transmarinis
722 1691 873 1778 portibus
904 1691 1046 1759 fuissent
1078 1692 1283 1772 transmissa,
1314 1711 1353 1758 ea
1386 1691 1511 1758 obtulit

459 1791 524 1858 Dei
547 1792 658 1860 electo.
705 1792 835 1873 Quibus
857 1793 1023 1880 inspectis,
1046 1793 1083 1858 in
1114 1794 1184 1860 haec
1218 1795 1320 1884 verba
1341 1793 1511 1880 prorupit:

290 1907 421 1960 Ararene
460 1904 478 1932 “
501 1896 674 1982 Numquid
697 1901 732 1962 et
762 1897 865 1975 vobis,
899 1902 1003 1984 pater,
1024 1897 1208 1968 revelatum
1241 1902 1300 1975 est,
1334 1897 1425 1982 quod
1457 1896 1512 1960 his

289 1975 441 2102 2332„
461 2006 478 2034 r
501 1999 618 2064 decus
639 1997 812 2064 masmar
834 2005 868 2064 ec
889 2000 1072 2066 misericors
1095 1999 1258 2066 romanus
1280 1999 1324 2066 as
1339 1999 1512 2085 asamar

289 2107 444 2186 hecofferec
461 2109 478 2136 “
502 2101 647 2166 laborem
669 2122 722 2166 me
743 2101 930 2167 vocavitl''
969 2101 1014 2168 Et
1035 2121 1095 2187 per
1118 2101 1267 2168 ordinem
1289 2099 1421 2186 aperuit
1443 2099 1511 2186 epi-

288 2174 438 2305 fflpssff‘
461 2224 558 2289 scopo
581 2199 724 2288 qualiter
757 2202 908 2290 praedicti
939 2208 1050 2290 patres
1081 2224 1148 2268 unc
1179 2203 1359 2288 eodemque
1390 2201 1453 2280 die,
1475 2201 1512 2268 in

288 2331 410 2383 menes
461 2303 600 2370 diversis
623 2309 786 2370 terrarum
810 2303 899 2381 locis,
922 2304 958 2368 in
980 2303 1052 2371 fata
1073 2308 1322 2384 concesseram,
1352 2303 1510 2388 adjiciens

288 2397 388 2462 popeis
460 2405 549 2491 quod
572 2403 748 2472 cardinalis
769 2391 834 2482 ille,
858 2405 917 2490 qui
951 2405 1121 2474 electionis
1144 2427 1212 2472 suae
1245 2404 1433 2492 praecipuus
1455 2405 1512 2470 do·

204 2558 206 2566 ,
286 2463 447 2586 {gvfflpg
459 2508 568 2574 fensor
590 2508 758 2585 extiterat,
780 2505 933 2572 felicibus
955 2509 1111 2594 auspiciis
1133 2507 1289 2585 elevatus,
1312 2506 1513 2593 Apostolicae

460 2610 634 2697 dignitatis
667 2608 798 2676 culmen
828 2608 985 2676 ascendit.
1031 2609 1103 2676 Deo
1137 2609 1241 2696 igitur
1271 2609 1456 2695 inspirante
1478 2613 1513 2674 et

457 2713 615 2780 ducatum
652 2712 828 2798 prebente,
860 2711 926 2793 Qui
960 2711 1149 2779 absentium
1186 2711 1396 2798 praesentiam
1435 2709 1513 2778 Suae

456 2815 578 2882 mentis
601 2813 704 2882 oculis
728 2815 951 2901 praesentavit,
967 2813 1108 2894 Romam
1131 2813 1236 2892 venit,
1257 2807 1307 2879 it'a
1342 2811 1430 2899 quod
1452 2833 1513 2880 nec

456 2918 494 2982 in
515 2937 697 3004 progressu,
720 2937 781 2984 nec
802 2915 840 2982 in
861 2915 954 2984 urbis
984 2915 1135 3003 ingressu
1166 2915 1263 2982 triste
1295 2913 1431 3000 aliquid,
1454 2915 1513 2980 aad

458 3040 476 3084 e
499 3020 672 3096 contrario,
695 3017 774 3086 laeta
796 3019 908 3084 omnia
930 3022 965 3085 et
986 3019 1116 3106 magnis
1137 3017 1339 3085 successibus
1361 3017 1460 3106 plena
1482 3017 1513 3084 ei

289 3125 358 3204 whp
459 3119 617 3186 dicuntur
639 3119 803 3188 accidisse.
849 3119 1057 3186 Venerabilis
1079 3139 1224 3206 namque
1246 3119 1406 3208 papa,·de
1428 3139 1514 3205 prae·

288 3193 384 3310 {23¹⁸
415 3259 421 3272 ·
460 3221 637 3288 decessoris
659 3221 712 3286 sui
734 3221 848 3288 dolens
871 3221 1046 3298 sententia,
1069 3241 1163 3288 suam
1187 3241 1265 3308 erga
1287 3219 1352 3286 Dei
1374 3220 1514 3287 electum

288 3273 441 3406 elemplgam
461 3323 659 3390 sententiam
682 3342 750 3390 non
772 3327 981 3404 mutaverat3
1002 3323 1069 3402 sed,
1084 3328 1246 3410 tanquam
1260 3345 1349 3389 verae
1371 3323 1514 3409 philoso-

290 3392 442 3520 zttkffl
460 3423 548 3511 pars
571 3429 606 3490 ec
637 3447 729 3512 pure
752 3426 908 3492 vestras
941 3430 1079 3505 amtor,
1102 3425 1268 3494 oenomao
1301 3425 1515 3494 morasus-

289 3524 428 3574 commeo
461 3527 532 3605 bus,
555 3547 614 3614 pro
637 3526 754 3614 majori
778 3533 812 3594 et
844 3527 988 3614 digniori
1021 3531 1125 3614 parte,
1148 3528 1271 3596 iterum
1304 3527 1514 3615 eligentibus,

290 3592 450 3723 ffissi'by
461 3629 655 3696 electionem
677 3631 895 3710 confirmavit,
919 3636 954 3700 et
977 3631 1084 3698 eidem
1118 3651 1248 3698 summo
1281 3651 1357 3730 cum
1390 3631 1514 3698 honore

289 3723 418 3790 thepope.
461 3731 713 3799 consecrationis
735 3753 856 3798 munus
879 3731 1053 3818 impendit.
1451 3787 1457 3792 .

506 3832 627 3902 Factus
660 3834 764 3919 igitur
797 3833 1003 3920 dispensator
1035 3831 1294 3900 ministeriorum
1323 3833 1513 3913 Deiectus

461 3956 537 4002 suos
559 3936 610 4002 ita
631 3935 782 4004 ordinate
797 3935 1010 4024 dispensavit,
1025 3941 1066 4001 ut
1080 3935 1199 4002 merito
1220 3936 1408 4004 crederetur
1425 3937 1514 4024 quod

456 4037 584 4124 jugiter
606 4039 642 4104 in
664 4037 856 4104 memoriam
878 4038 1040 4106 tenuisset
1064 4037 1164 4104 fidem
1186 4035 1339 4116 Abrahae,
1363 4059 1513 4105 mansue·

461 4141 612 4208 tudinem
643 4140 760 4219 Ysaac,
791 4141 989 4228 patientiam
1022 4139 1134 4220 Israel,
1158 4141 1347 4209 castitatem
1379 4141 1513 4230 loseph,

461 4244 670 4330 disciplinam
703 4244 821 4330 Moysi,
855 4244 963 4310 zelum
997 4243 1159 4331 Phynses,
1185 4245 1360 4312 victoriam
1392 4244 1513 4324 Jcsuae,

460 4345 683 4412 sinceritatem
722 4346 894 4426 Samuelis,
932 4346 1157 4414 humilitatem
1195 4347 1315 4424 David,
1355 4351 1390 4412 et
1427 4352 1515 4414 recte

459 4446 549 4512 dicta
563 4448 618 4512 vel
640 4447 731 4514 facta
751 4449 892 4516 aliorum
912 4455 1054 4536 patrum,
1070 4449 1133 4536 qai
1150 4468 1216 4536 per
1228 4447 1339 4534 fidem
1360 4447 1594 4516 ercamrao.
1607 4457 1645 4509 xi.

457 4568 572 4631 reparo,
583 4553 627 4626 et,
638 4551 768 4634 operati
778 4550 965 4636 jcstltrbsoc,
980 4549 1097 4638 adepti
1111 4555 1195 4618 auct
1209 4549 1513 4636 repromissionem
1526 4527 1568 4576 ³³'

501 4649 647 4736 Accepta
686 4673 763 4736 ergo
800 4673 876 4719 cum
914 4657 1011 4718 tanto
1049 4651 1210 4718 beneficio
1247 4652 1377 4738 papalis
1415 4653 1512 4719 bene-

457 4751 611 4819 dictionis
633 4754 750 4839 gmtia,
773 4755 970 4842 repatriavit
999 4759 1095 4842 pater
1120 4754 1267 4840 inclytus
1289 4755 1407 4840 patriae
1430 4753 1511 4822 Wil-
