3606 5798
616 859 837 910 nacnnrsnor
860 861 996 914 sonora.
1268 852 1333 916 309

279 1046 314 1106 et
332 1043 573 1128 praeminebant
595 1044 689 1130 quasi
712 1046 822 1130 capita
843 1046 1073 1112 mamillarum.
1122 1049 1167 1114 Et
1189 1051 1247 1135 qui
1270 1051 1336 1116 ista
1348 1065 1466 1116 Another

279 1144 367 1209 vion
412 1151 447 1210 er
485 1146 626 1224 auorvn,
658 1148 886 1212 testimonium
920 1149 1101 1234 perhibuit,
1145 1136 1505 1248 sephanusrffffgmtgffl

282 1245 458 1312 Cotinham
503 1247 585 1313 olias
623 1247 769 1326 Palmer3
807 1249 864 1334 qui
902 1249 973 1318 haec
1011 1252 1169 1338 magistro
1200 1253 1334 1319 Thomas
1348 1265 1437 1316 teleto
1450 1267 1496 1316 Dr.

281 1348 459 1434 Gascoyne‚
484 1371 583 1416 sacrm
607 1349 793 1436 Theologiae
817 1351 999 1436 professori,
1022 1354 1145 1419 retulit.
1347 1330 1491 1462 ffllgm

326 1451 367 1515 In
389 1458 485 1518 nocte
508 1473 587 1516 vero
621 1452 721 1517 tertia
751 1457 827 1537 post
857 1455 1050 1538 praedictam
1083 1456 1332 1522 decollationem
1346 1486 1401 1536 The
1414 1437 1498 1538 arch-¹

280 1553 437 1638 apparuit
459 1553 547 1618 idem
570 1553 833 1639 archiepiscopus
856 1553 1004 1620 Johanni
1031 1555 1151 1623 Sibson
1176 1559 1212 1622 in
1235 1553 1436 1624 oomobirhor

279 1677 340 1721 sua
361 1656 450 1740 apud
466 1655 614 1742 Roclyfe
637 1656 829 1740 praecipiens
853 1656 959 1721 eidem
982 1663 1021 1722 ut
1043 1663 1213 1742 peccatum
1237 1682 1332 1725 suum
1346 1629 1489 1736 illiniri)

280 1759 320 1822 dc
343 1757 542 1842 cogitatione
564 1757 733 1822 homicidii
752 1757 1000 1842 poenitentiario
1017 1759 1212 1826 Eboracensi
1234 1763 1332 1827 confi·
1346 1767 1391 1867 {gn
1403 1752 1444 1867 pfff

279 1865 426 1939 teretur;
449 1866 465 1895 “
477 1859 590 1941 Quia?
613 1860 731 1944 inquit,
749 1860 917 1946 “triginta
939 1863 1035 1926 annis
1052 1863 1171 1948 elapsis
1187 1865 1228 1929 dc
1244 1866 1333 1932 dicto
1347 1833 1484 1950 ιιι-(Ξέρξη

281 1971 296 1998 “
319 1963 485 2048 proposito
508 1961 615 2027 indies
638 1963 775 2028 insidias
796 1964 920 2049 parasti
935 1965 978 2030 ad
994 1966 1207 2032 occidendum
1231 1968 1333 2032 talem
1346 1951 1504 2066 ffiffgssw

279 2075 295 2100 “
319 2066 493 2130 hominem.
540 2063 606 2130 Sed
629 2065 708 2150 quia
730 2066 767 2128 in
790 2087 886 2150 opere
909 2087 976 2130 non
1009 2067 1225 2152 complevisti,
1259 2091 1332 2154 peo-
1346 2049 1478 2132 intended

279 2174 430 2236 “catum
452 2189 519 2233 non
542 2189 611 2232 esse
633 2168 769 2252 putasti,
793 2188 854 2233 noc
877 2168 1046 2234 confessus
1069 2191 1113 2234 es.
1160 2170 1240 2236 Ideo
1263 2193 1332 2256 poe·
1346 2151 1455 2200 monier.

280 2279 296 2305 “
319 2272 434 2348 nitere,
457 2276 490 2335 et
514 2269 677 2346 confitere,
701 2291 744 2334 ne
778 2269 863 2336 forte
897 2270 1091 2336 damneris”
1138 2265 1212 2338 Hoc
1245 2273 1332 2338 idem
1348 2285 1469 2365 Hispel-

193 2409 198 2419 ·
279 2373 448 2438 Johannes
472 2371 604 2459 Sybson
635 2371 786 2437 narravit
817 2372 853 2435 in
887 2371 1060 2438 audientia
1091 2373 1309 2458 plurimorum
1325 2401 1332 2456 3
1347 2363 1481 2469 ζξξξξω

261 2483 313 2540 .et
335 2475 492 2560 proecepit
514 2473 552 2550 ei,
569 2478 609 2538 ut
624 2474 756 2538 offerret
778 2471 947 2541 candelam
963 2494 1090 2540 ceream
1106 2495 1205 2560 super
1227 2477 1334 2562 sepul·
1348 2486 1438 2536 canole
1450 2495 1477 2536 rt

280 2577 395 2644 chrum
418 2576 507 2662 ejue3
529 2581 564 2642 et
586 2575 675 2660 quod
696 2580 883 2661 asportaret
913 2579 1056 2652 truncos,
1080 2597 1162 2661 quos
1185 2577 1335 2644 homines
1348 2552 1482 2668 ffilfomb’

280 2699 378 2764 super
409 2676 616 2763 sepulchrum
649 2675 721 2761 ejus
748 2680 931 2762 posuerunt
953 2697 995 2742 ne
1027 2677 1176 2744 homines
1211 2679 1335 2744 ibidem
1348 2686 1504 2762 removerne

280 2781 455 2846 adorarent
477 2779 532 2845 vel
555 2778 717 2844 offerrent.
765 2778 848 2858 Qua
871 2762 965 2844 idem
983 2777 1161 2856 lohannes,
1184 2780 1273 2846 solus
1301 2751 1467 2881 etffillfl

280 2903 381 2948 senex
404 2881 543 2958 dierum,
575 2879 761 2966 asportavit
801 2883 836 2946 et
870 2881 1022 2958 removit,
1054 2880 1132 2948 licet
1166 2888 1201 2948 ct
1222 2882 1335 2968 aliqua

280 2986 426 3070 ipsorum
449 2983 509 3047 vix
539 2987 607 3048 tres
636 2982 736 3048 fortes
759 2981 909 3048 homines
942 2982 1053 3048 levare
1087 2987 1279 3069 potuerunt,
1303 2990 1338 3050 et

281 3105 389 3151 coram
411 3082 510 3149 altari
533 3083 646 3150 Beatre
668 3082 817 3168 Virginis
841 3083 954 3149 Mariae
977 3083 1100 3150 ibidem
1135 3085 1172 3150 in
1202 3084 1338 3152 ecclesia

280 3292 413 3354 sanctus
444 3285 657 3370 archipraesul
688 3286 853 3372 apparuit.
910 3285 955 3351 Et
992 3287 1087 3373 virgo
1132 3287 1336 3354 moriebatur

280 3389 367 3454 idem
392 3387 665 3474 archiepiscopus,
688 3391 728 3451 ut
750 3408 809 3472 per
831 3386 1067 3454 confessionem
1090 3389 1236 3475 ejusdem
1261 3411 1336 3476 cog-

280 3492 389 3556 nitum
412 3495 469 3556 est

325 3593 422 3658 Anno
461 3590 645 3657 Dominicae
683 3589 928 3655 Incarnationis
972 3606 1114 3655 Μοῦσαν.
1154 3591 1334 3659 decollatus
1348 3597 1404 3648 The
1416 3597 1477 3663 king

280 3701 331 3760 est
368 3693 472 3760 felicis
516 3691 750 3758 recordationis
797 3692 950 3756 dominus
996 3691 1157 3758 Ricardus
1203 3695 1332 3780 Scrope,
1347 3667 1488 3782 ζζξέζᾶζζ

279 3797 389 3883 legum
416 3797 537 3872 doctor,
561 3815 602 3859 ex
636 3797 802 3878 praecepto
825 3798 860 3858 et
892 3814 1051 3859 consensu
1074 3794 1212 3860 Henrici
1246 3798 1331 3882 regis
1346 3805 1373 3848 to
1386 3799 1504 3848 ltometo

280 3898 419 3983 Anglioe,
442 3901 518 3982 post
540 3895 633 3980 cujus
656 3893 787 3960 felicem
802 3899 941 3960 mortem
965 3895 1161 3961 multimoda
1191 3897 1332 3963 miracu-
1346 3881 1454 3982 ffiffif

279 3999 385 4065 lorum
401 3997 507 4084 gloria
529 3996 737 4071 declaratam,
760 3996 848 4060 idem
871 4017 939 4070 ren,
963 3997 1085 4060 saniori
1101 3997 1236 4062 consilio
1253 4020 1332 4084 quo-

279 4102 420 4167 rundam
442 4099 506 4165 sibi
528 4098 755 4164 assistentium
777 4098 821 4164 ad
843 4119 877 4162 se
901 4119 1058 4175 reversus,
1090 4101 1333 4184 poenitudinem

280 4203 446 4289 quandam
478 4199 693 4285 assumpsisse
726 4199 921 4278 videbatur;
955 4199 1112 4286 misitque
1145 4202 1189 4266 ad
1223 4203 1333 4268 sedem

281 4303 504 4391 Apostolicam
527 4301 662 4366 nuntios
679 4301 828 4366 solennes
843 4321 902 4385 pro
917 4301 1124 4368 absolutione
1145 4304 1335 4382 obtinenda,

281 4406 405 4474 scilicet
427 4411 497 4471 tam
529 4425 588 4490 pro
614 4402 738 4489 injuria
770 4401 896 4468 Christi
928 4402 1071 4468 ecclesia
1103 4403 1206 4506 illata,
1236 4427 1336 4490 quam

318 4663 579 4729 ¹Anephew0rsir
588 4661 702 4716 William
721 4661 786 4714 Gaa-
832 4660 925 4711 author
953 4659 983 4712 of
1011 4662 1054 4712 the
1084 4662 1249 4728 'I'lreologioal
1279 4665 1338 4716 Dic-

283 4746 381 4812 oolgne,
398 4745 442 4794 the
463 4741 532 4794 chief
550 4741 649 4808 justice,
670 4743 722 4792 and
743 4741 786 4792 the
833 4741 941 4808 tionary.
