3538 5800
438 895 480 957 18
760 903 843 954 VITA
865 903 989 955 merl
1011 903 1165 955 oswium

268 1091 359 1144 Arni·
437 1091 514 1156 dnm
537 1092 580 1158 de
609 1091 851 1178 potentioribus
881 1090 975 1178 regni
998 1090 1147 1168 ducibus,
1169 1090 1318 1155 modesto
1348 1090 1486 1165 incessu,

266 1159 383 1291 ffiffi„
437 1193 578 1259 demisso
600 1193 700 1260 vultu
733 1194 834 1259 funus
872 1197 1065 1279 sequentem
1094 1197 1196 1277 atque
1217 1191 1413 1278 psallentem
1435 1195 1486 1254 st-

268 1293 389 1382 obrem?
437 1296 585 1374 tendens,
619 1297 656 1360 in
693 1297 874 1362 amicitiam
917 1295 1009 1359 illius
1052 1301 1180 1360 erectus
1217 1299 1275 1360 est.
1336 1292 1488 1358 Antehac

268 1357 406 1490 griffi}
437 1399 527 1465 enim
560 1397 684 1464 auditis
707 1397 818 1484 probis
840 1420 879 1465 ac
910 1397 1094 1463 mansuetis
1115 1397 1264 1463 moribus
1295 1396 1375 1482 ejus,
1406 1416 1487 1482 quos

217 1561 222 1568 .
266 1491 386 1608 {mi
437 1502 597 1590 magistra
617 1501 746 1566 virtute
769 1507 974 1588 comparatos
997 1499 1162 1578 induerat,
1184 1499 1298 1586 magni
1320 1521 1396 1564 eum
1418 1519 1487 1585 prae

267 1623 329 1675 him.
437 1625 472 1670 se
491 1603 689 1691 jamdudum
711 1603 874 1682 habebot;
898 1609 933 1668 et
954 1603 991 1668 in
1012 1603 1076 1669 hoo
1089 1603 1238 1668 animum
1253 1605 1488 1689 composuerat,

437 1712 477 1772 nt
501 1708 530 1772 si
553 1727 620 1793 que
649 1707 688 1771 in
720 1727 757 1771 re
779 1703 947 1770 voluntati
979 1705 1051 1790 ejus
1074 1705 1210 1790 obsequi
1242 1709 1359 1790 posset
1382 1704 1489 1769 libens

437 1809 474 1874 id
496 1812 615 1896 egeret
663 1807 771 1888 Quam
795 1806 1003 1872 voluntatem
1035 1806 1106 1892 ejus
1129 1806 1327 1891 quibusdam
1357 1805 1488 1872 indiciis

438 1911 492 1975 vir
513 1910 578 1976 Dei
611 1909 810 1997 intelligens,
842 1909 932 1974 inter
961 1909 1028 1974 alia
1059 1930 1134 1994 quae
1168 1929 1244 1975 oum
1277 1931 1316 1974 eo
1347 1909 1389 1974 de
1411 1929 1490 1973 vcra

437 2011 502 2078 Dei
524 2033 563 2078 ao
585 2012 728 2099 proximi
755 2011 932 2078 dilectione
954 2011 1084 2078 locutus
1117 2016 1175 2090 est,
1199 2011 1348 2077 innotuit
1370 2009 1421 2076 illi
1454 2031 1489 2075 se

437 2115 597 2199 quosdam
619 2114 795 2180 monachos
818 2113 855 2178 in
877 2113 1068 2200 episcopatu
1084 2135 1143 2180 suo
1165 2113 1315 2200 religiose
1338 2115 1489 2179 viventes
1586 2191 1589 2198 Ι

437 2214 568 2293 habere,
590 2216 648 2282 sed
670 2215 779 2282 locum
810 2215 847 2280 in
869 2238 935 2302 quo
958 2215 1123 2303 degebant
1154 2216 1286 2282 illorum
1318 2237 1489 2282 conversa-

437 2317 523 2382 tioni
545 2318 658 2384 nimire
691 2317 929 2384 strictitudinis
952 2339 1040 2398 esse;
1070 2318 1255 2404 praesertim
1286 2340 1362 2383 cum
1395 2339 1489 2404 paenc

438 2420 587 2505 quotidie
609 2421 646 2484 in
680 2419 855 2486 numerum
879 2442 991 2486 eorum
1015 2420 1150 2506 quidam
1185 2419 1376 2499 currerent,¹
1410 2443 1489 2506 quos

439 2543 478 2589 ec
501 2523 590 2609 quod
609 2522 814 2589 Dominum²
837 2523 1031 2608 quaerebant
1052 2522 1256 2609 repellendos
1278 2523 1371 2589 nullo
1394 2525 1491 2590 modo

270 2633 373 2686 Omld
435 2627 617 2713 judicibet.
664 2627 709 2692 Et
730 2627 924 2714 subjunxit:
959 2625 1141 2692 “Vellem³
1162 2627 1274 2714 igitur,
1290 2629 1318 2692 si
1341 2627 1500 2716 religioni·

270 2701 415 2818 fflffilfl'
439 2735 457 2764 “
480 2734 549 2794 ture
580 2728 756 2795 molestum
790 2751 858 2794 non
889 2733 947 2806 est,
964 2728 1123 2814 quatinus
1145 2729 1174 2793 si
1205 2729 1350 2815 aliquem
1381 2731 1489 2796 locum

272 2833 401 2884 needofa
439 2837 458 2866 “
481 2832 542 2896 sub
565 2837 625 2897 tua
647 2831 871 2897 dominatione
893 2829 1129 2896 monachorum
1151 2830 1352 2898 habitationi
1367 2853 1490 2899 accom-

270 2899 426 3030 lnffi‘ess,
439 2939 460 2970 “
481 2934 617 2999 modum
639 2933 749 3012 hebes,
773 2955 849 2999 eum
883 2938 944 2999 eut
966 2933 1068 3000 solius
1091 2935 1211 3000 animae
1242 2941 1311 3000 tuae
1342 2935 1491 3014 obtentu,

271 3033 392 3148 ffsdffikfl
439 3041 457 3070 “
479 3040 539 3101 eut
560 3037 701 3124 alicujus
724 3037 870 3102 muneris
892 3036 1086 3102 interventu
1108 3037 1191 3101 mihi
1213 3039 1379 3120 concedas,
1412 3059 1492 3124 qua·

342 3114 392 3164 ‘³¹³'
439 3144 457 3172 ‘¹
479 3137 571 3204 tinus
593 3139 678 3204 inibi
692 3139 931 3206 monasterium
953 3145 1149 3218 construam,
1165 3144 1200 3206 et
1223 3161 1282 3226 per
1296 3146 1492 3207 memoratos

440 3247 458 3276 “
481 3241 599 3308 fratres
622 3243 858 3310 monachorum
873 3243 1158 3308 conversationem
1173 3243 1244 3308 Deo
1266 3249 1400 3310 auctore
1422 3243 1492 3310 illic

439 3351 456 3380 “
479 3346 688 3412 constituam.
739 3347 899 3434 Magnum
922 3345 1012 3410 enim
1028 3345 1186 3432 quiddam
1208 3351 1260 3412 est
1281 3353 1360 3412 anta
1383 3347 1492 3412 Deum

441 3454 458 3480 “
481 3449 555 3512 vita
588 3447 751 3526 monachi,
783 3454 818 3515 et
851 3447 1054 3514 imitandum
1086 3449 1177 3513 omni
1209 3447 1399 3515 Ohristiano
1432 3449 1491 3514 ho-

271 3559 419 3626 Hepraim
440 3553 458 3582 “
480 3549 572 3616 mini.
618 3551 813 3636 Quicunque
829 3551 918 3617 enim
940 3551 977 3614 in
1000 3549 1062 3616 hac
1076 3551 1149 3615 vita
1171 3551 1335 3617 advitam
1358 3553 1492 3618 tendere

271 3628 428 3746 ffiffgm'
441 3657 459 3686 “
482 3655 518 3714 et
539 3652 656 3716 mortis
686 3652 821 3738 loqueos
844 3653 938 3738 cupit
971 3653 1128 3731 devitme,
1152 3653 1300 3740 profecto
1334 3654 1370 3718 id
1400 3655 1491 3720 nullo

441 3760 457 3788 “
480 3758 578 3838 pacto
600 3752 726 3819 efficere
748 3755 916 3838 praevalet,
939 3754 1005 3819 nisi
1028 3756 1101 3820 vita
1131 3777 1192 3822 sua
1213 3757 1294 3822 vitae
1316 3756 1491 3822 monacho·

441 3863 459 3890 “
480 3877 555 3918 rum
578 3855 722 3942 quadarn
744 3855 990 3942 dispensatione
1020 3857 1201 3924 concordet.
1248 3858 1329 3923 Vite
1350 3880 1491 3944 namque

440 3959 458 3994 ‘⁶'
480 3959 641 4038 monachi,
666 3981 741 4046 quae
767 3981 844 4024 vere
870 3959 943 4025 vite
965 3959 1117 4025 monachi
1141 3966 1199 4039 est,
1222 3966 1342 4027 cuncta
1371 3963 1490 4027 admit-

443 4063 528 4128 “tit
561 4085 635 4149 quse
667 4064 763 4129 docet
785 4061 945 4148 perfectio
970 4061 1170 4141 Christiana,
1194 4069 1312 4130 cuncte
1350 4065 1491 4130 dimittit

440 4173 459 4202 “
482 4189 556 4250 quse
578 4189 600 4232 c
622 4165 749 4231 Christi
771 4165 922 4252 vestigiis
945 4165 1059 4231 eadem
1082 4166 1239 4252 perfectio
1257 4168 1388 4254 judicat
1423 4191 1490 4234 esse

443 4275 461 4302 ·‘
484 4267 628 4351 proteus.
675 4267 884 4351 Quapropter
917 4267 946 4330 si
978 4287 1046 4344 nos,
1069 4289 1144 4332 oum
1177 4270 1347 4354 possimus,
1380 4291 1491 4357 super·

443 4375 459 4402 “
483 4367 633 4450 sedemus
655 4366 834 4434 monachos
856 4368 893 4431 in
915 4390 974 4434 suo
990 4369 1158 4455 proposito
1180 4371 1409 4457 multiplicare,
1433 4377 1492 4438 aut

445 4477 462 4505 “
486 4491 599 4535 eorum
633 4470 786 4556 religioni
821 4471 979 4549 invidere,
1001 4477 1062 4538 aut
1093 4493 1165 4538 earn
1199 4495 1267 4539 non
1298 4495 1408 4540 amere
1438 4475 1492 4540 vel

442 4633 687 4644 ,νη-..ψ-
854 4635 914 4641 -.-
1202 4635 1487 4657 -—-—-——

475 4731 484 4764 ¹
502 4693 642 4798 ourrereul]
659 4739 845 4794 concurrerent,
857 4733 888 4783 B.
1024 4733 1035 4767 ³
1053 4732 1159 4802 Vellem]
1175 4735 1259 4798 Velle,
1272 4736 1307 4788 Α.

474 4813 485 4847 ²
503 4811 650 4878 Dominum]
666 4813 759 4874 Deum,
771 4813 806 4864 Α.
