3530 5790
154 1359 158 1367 ¹
217 1369 273 1419 'l'he
286 1384 346 1418 cou-

216 1434 323 1486 teutiou.

387 869 452 933 390
646 883 746 931 uivus
770 883 814 933 ou
836 884 907 932 run
928 883 1172 934 mcusrsnoss

386 1065 500 1120 comitis
515 1065 651 1122 Herberti
667 1066 745 1122 filius
767 1083 802 1122 ex
819 1067 923 1122 limma
945 1084 1042 1124 sorore
1063 1068 1141 1140 regis
1158 1057 1343 1144 Anglorum
1359 1055 1434 1121 Ste-

384 1157 487 1244 phani
511 1159 711 1246 progenitus,
730 1159 781 1224 vir
796 1159 929 1246 quidem
944 1181 1062 1246 genere
1079 1160 1210 1237 n'obilis,
1225 1159 1283 1224 sed
1307 1180 1433 1223 morum

387 1260 584 1326 excellentia
599 1267 633 1325 et
648 1262 720 1326 vite
735 1261 952 1328 mundissima
967 1263 1272 1350 incomparabiliter
1289 1259 1436 1347 insignis.

432 1362 564 1430 Interes
586 1386 663 1429 vero
688 1363 848 1429 Osbertus
868 1364 1117 1432 archidiaconus
1141 1363 1362 1440 Eborecensis,
1385 1363 1436 1426 iu·

387 1464 487 1530 vidiae
522 1465 657 1530 stimulo
687 1467 843 1552 agitabis,
877 1466 968 1533 fecte
999 1467 1087 1533 inter
1118 1467 1278 1554 eligentes
1312 1465 1436 1530 dissen-

387 1567 487 1645 sione,
517 1569 800 1634 eonfirmctionem
830 1569 934 1655 ipsius
964 1569 1068 1647 electi,
1104 1569 1182 1636 licet
1211 1569 1254 1634 ab
1284 1567 1436 1634 omuibus

387 1857 535 1928 praecepti,
559 1855 723 1912 Willelmus
755 1855 842 1910 cbbes
874 1846 914 1910 de
938 1853 1080 1927 Ryvullis,
1105 1853 1245 1910 Ricardus
1279 1853 1365 1908 ebbcs
1399 1851 1435 1907 dc

387 1945 537 2011 Fontibus,
571 1945 746 2000 cuthbertus
782 1946 860 2017 prior
891 1945 927 2000 de
962 1944 1099 2010 Gishurn,
1125 1944 1269 2000 Walterus
1292 1945 1372 2014 prior
1397 1942 1433 1997 de

387 2034 550 2105 Kyrkhom‚
575 2035 717 2089 Robertus
740 2035 776 2089 de
799 2035 945 2105 Hospitoli
969 2025 1084 2089 Sancti
1107 2024 1196 2088 Petri
1214 2023 1434 2098 EboraoensiS,

386 2121 486 2177 Romae
518 2130 726 2189 convenerunt,
757 2141 823 2178 cum
858 2124 961 2194 quibus
991 2123 1135 2178 Walterus
1166 2121 1375 2176 londoniensis
1406 2127 1436 2176 et

385 2212 549 2266 Willelmus
580 2219 681 2267 centor
704 2213 900 2268 Ebcrecensis.
946 2213 1052 2267 Astitit
1081 2218 1111 2267 et
1134 2211 1298 2268 Willelmus
1327 2211 1434 2266 electus

384 2319 450 2356 eum
483 2302 542 2356 suis
576 2302 810 2373 coadjutoribns;
849 2301 985 2357 adversus
1017 2319 1103 2372 quem
1135 2319 1232 2356 eorem
1266 2300 1433 2372 Apostolieo

383 2397 583 2462 processerunt
620 2393 651 2446 iu
688 2409 802 2446 cuuscm
835 2391 866 2446 hi
897 2392 947 2462 qui
977 2409 1044 2446 eum
1073 2380 1311 2464 appelleremnt.¹
1358 2379 1434 2446 Sus·

383 2504 483 2568 penso
531 2484 633 2569 igitur
670 2483 811 2569 negotio,
855 2480 1093 2569 portibusque²
1132 2504 1241 2548 eorem
1285 2481 1433 2546 Romano

383 2585 537 2670 pontifice
560 2607 659 2671 super
681 2585 781 2669 hujus
797 2585 966 2650 electionis
990 2585 1190 2650 discussione
1218 2581 1433 2670 personaliter

382 2688 515 2765 vocetis,
551 2687 638 2752 idem
669 2686 863 2766 Willelrnus,
898 2687 1168 2772 persequentibus
1195 2685 1290 2749 illum
1312 2684 1427 2750 edver-

383 2789 477 2852 scriis
500 2788 576 2865 suis,
600 2794 634 2854 et
665 2788 788 2873 injuste
823 2787 1062 2865 accusantibus,
1085 2785 1338 2854 consecrationis
1359 2805 1431 2872 gre·

382 2891 464 2955 tium
486 2891 621 2955 minime
645 2891 755 2976 potuit
778 2889 933 2954 obtinere.

428 2979 635 3045 Sententiam
658 3007 726 3044 vero
750 2988 874 3062 querelae
904 3005 1004 3043 eorum
1038 2989 1069 3042 iu
1101 2988 1155 3041 hoc
1189 2987 1245 3041 uiti
1269 2985 1429 3050 videbe-tur¹

381 3079 458 3150 quod
481 3068 649 3134 Willelmus
672 3097 767 3134 comes
790 3077 978 3133 Eborooensrs
1000 3078 1031 3132 in
1063 3076 1189 3148 capitulo
1221 3087 1334 3131 eorum
1355 3092 1428 3145 pres·

380 3169 458 3240 cepit
480 3186 515 3223 ex
548 3186 596 3224 ors
619 3169 696 3238 regis
727 3168 805 3222 hunc
828 3167 1008 3224 Willelmum
1039 3167 1118 3236 eligi.
1164 3165 1273 3220 Iccirco
1302 3164 1430 3219 decrevit

379 3257 573 3329 Apostolicus,
608 3263 642 3312 ut
675 3259 699 3312 si
734 3258 858 3311 decenus
890 3256 1088 3320 Eborecensis,
1111 3255 1286 3319 Willelmus,
1317 3251 1429 3324 jur-suet

379 3346 434 3400 hoc
456 3348 534 3416 regis
557 3352 733 3418 proeeeptum
756 3346 792 3400 ed
823 3345 984 3416 capitulum
1013 3363 1065 3416 per
1089 3344 1224 3398 comitem
1246 3359 1427 3414 nequequam

379 3437 533 3506 perlatum,
558 3435 635 3490 hunc
658 3435 695 3491 ed
717 3436 960 3491 consecrationem
984 3434 1151 3488 solemniter
1173 3451 1256 3504 posse
1290 3431 1425 3496 edrnitti;

342 3576 345 3583 .
379 3526 403 3578 si
427 3529 524 3579 temen
547 3531 577 3581 et
593 3527 653 3597 ipse
676 3544 727 3596 per
750 3542 780 3580 se
796 3523 881 3578 fidem
896 3523 979 3577 duret
1002 3514 1178 3579 donatione
1202 3521 1333 3594 pecmdae
1349 3521 1426 3574 huno

378 3613 517 3668 honorem
541 3633 570 3669 se
593 3634 652 3669 uon
675 3613 826 3686 oppetisse.
872 3613 1065 3683 impetratum
1096 3613 1185 3667 etiem
1215 3611 1271 3665 suit
1294 3611 1355 3666 vice
1378 3607 1425 3663 ds-

378 3704 443 3757 cani
481 3705 570 3757 elium
614 3704 763 3774 probatem
809 3719 961 3773 personam
1006 3701 1043 3756 ed
1089 3705 1300 3756 sacromentum
1345 3715 1425 3772 posse

377 3783 531 3936 adldllddtiii
555 3899 622 3936 sero
646 3885 775 3950 tempore
798 3869 984 3934 Willelmus
1008 3879 1133 3934 decenus
1149 3878 1338 3933 Eboreoensis
1352 3877 1423 3932 eleo·

378 3975 424 4024 tus
447 3968 498 4025 est
520 3962 555 4024 in
579 3961 766 4046 episcopum
789 3959 1050 4036 Dunelmeusem,
1074 3966 1162 4024 etin
1193 3967 1302 4022 octavis
1326 3965 1424 4022 suncti

377 4059 520 4113 Johunnis
543 4059 684 4130 Baptistae
708 4063 889 4112 consecratus
912 4063 963 4112 est.
1002 4057 1167 4112 Willelmus
1197 4057 1295 4128 ithue
1318 4055 1423 4110 neore·

375 4151 467 4203 censis
490 4150 597 4203 clectus
621 4167 638 4202 s
660 4149 854 4203 transmarine
877 4148 1053 4218 profectione
1069 4163 1223 4217 regressus,
1240 4163 1339 4200 mense
1354 4144 1422 4214 Sep·

374 4239 478 4292 tembri
502 4239 579 4310 opud
595 4239 784 4304 Wintouism,
799 4236 956 4291 secundum
979 4237 1126 4292 decretum
1142 4235 1313 4306 Apostolioi,
1336 4231 1424 4303 legati

375 4328 506 4383 constitit
525 4327 647 4399 judicic,
681 4325 900 4381 consedentibus
932 4325 1002 4380 cleri
1033 4325 1152 4396 Angliae
1184 4323 1336 4379 nobilibus.
1375 4322 1423 4376 In·

372 4415 469 4471 stebst
491 4436 543 4489 pro
566 4436 600 4472 co
630 4415 827 4470 multitudinis
860 4413 1044 4480 desiderium,
1068 4431 1127 4470 non
1162 4420 1223 4468 tum
1245 4409 1424 4484 deposcentis

373 4522 460 4576 quum
483 4508 626 4577 exigentis
657 4524 723 4561 eum
754 4503 923 4559 consecrari.
961 4503 1029 4558 Non
1052 4503 1187 4576 apperuit
1210 4503 1250 4557 ibi
1273 4499 1424 4573 quisqudm

371 4595 422 4668 qui
457 4595 593 4651 adversus
623 4613 691 4652 cum
725 4584 814 4672 loqui
849 4599 1045 4667 praesumeret.
1091 4591 1247 4648 Msudstus
1280 4589 1318 4647 ed
1347 4589 1425 4646 huuc

404 4833 411 4866 ¹
429 4831 601 4901 appellabunt,
615 4834 647 4887 G.
884 4833 890 4896 Ι
954 4834 965 4866 ²
979 4833 1109 4898 partitus,
1122 4833 1154 4886 G.
