3606 5798
424 877 489 940 288
751 889 829 938 ιιιιι
851 889 896 938 or
917 887 964 967 sr.
988 887 1149 936 umnam.

422 1072 490 1128 tem
521 1064 697 1131 reformata
727 1069 890 1157 congerie,
908 1071 952 1136 ad
974 1070 1163 1156 conjugales
1192 1069 1329 1136 effectus
1360 1067 1473 1133 debito

422 1165 541 1230 mulier
571 1167 730 1253 recipitur
761 1192 836 1240 cum
850 1171 854 1179 “
867 1173 997 1238 affectu.
1055 1173 1128 1238 Hoc
1159 1169 1345 1257 compendii
1376 1191 1475 1236 causa

421 1273 620 1352 pertranseo,
645 1271 734 1356 quod
765 1274 801 1337 in
834 1274 1057 1340 sollemnitate
1087 1271 1335 1359 Assumptionis
1354 1271 1475 1342 ,Bautae

422 1369 486 1434 Dei
516 1370 685 1456 genitricis
716 1373 841 1454 Mariae,
874 1375 1054 1442 consimilis
1085 1375 1195 1441 meriti
1231 1374 1340 1439 utrius
1370 1373 1475 1440 altero

423 1472 543 1538 claruit
566 1473 602 1537 in
624 1473 759 1560 leproso.

731 1727 780 1794 De
803 1727 1035 1815 quartanario
1057 1733 1184 1795 curato.

195 1967 199 1974 .
256 1938 379 2004 Aboyis
471 1913 563 1980 luter
597 1914 668 1982 haec
700 1915 837 2003 dignum
869 1923 986 2002 reputo
1010 1917 1050 1982 de
1074 1919 1215 2003 quodam
1246 1921 1377 1982 mortuo
1407 1937 1476 1982 rem

190 2037 194 2045 ·
257 2003 401 2121 ‘¹5¹¹20f¹
426 2015 539 2082 vivam
579 2018 726 2085 recitare.
787 2018 969 2103 eujusdam
1007 2018 1157 2084 mulieris
1195 2017 1303 2084 filium
1335 2018 1476 2083 unicum

256 2085 364 2188 peren
283 2150 369 2187 vetor
426 2123 598 2202 quartana
644 2119 719 2204 typi
765 2120 952 2204 pestilentis
998 2121 1097 2186 ardor
1141 2121 1277 2198 invasit,
1323 2125 1358 2186 et
1403 2125 1474 2185 tam

255 2218 328 2268 ’Ψ
425 2221 574 2306 graviter
595 2221 747 2306 agitavit,
764 2221 853 2307 quod
869 2244 944 2287 eum
967 2222 1118 2290 faucibus
1133 2223 1249 2288 mortis
1264 2223 1475 2310 mancipavit.

426 2321 512 2390 Cum
550 2323 655 2409 igitur
691 2324 811 2389 misera
848 2329 954 2389 mater
984 2325 1054 2392 filio
1085 2347 1119 2390 se
1157 2325 1286 2392 videret
1317 2325 1477 2402 orbatam,

424 2427 573 2486 materno
611 2423 824 2488 commoritur
861 2421 960 2488 affect
946 2427 1002 2502 tu;
1044 2423 1154 2502 immo,
1185 2423 1274 2509 quod
1311 2421 1477 2489 difficilius

425 2529 505 2602 erat,
539 2524 747 2590 immanitate
782 2524 902 2590 doloris
933 2525 1028 2611 quasi
1066 2526 1276 2604 moriebatur,
1309 2529 1344 2591 et
1381 2525 1477 2612 plene

426 2626 510 2691 mori
532 2646 600 2691 non
622 2630 760 2711 poterat
805 2625 929 2691 Verum
961 2648 1037 2693 cum
1068 2627 1116 2693 sic
1138 2633 1348 2714 erumpentes
1370 2627 1478 2714 lacry-

426 2749 498 2794 mas
538 2729 658 2814 saepius
704 2733 838 2794 vocaret
881 2727 1044 2806 anxietas,
1090 2733 1125 2794 et
1169 2728 1298 2796 familia
1342 2729 1477 2796 fletibus

427 2829 601 2916 indulgens
625 2852 684 2917 per
717 2829 827 2897 luctus
850 2835 885 2895 et
918 2829 1066 2896 lamenta
1089 2830 1226 2897 dissolvi
1249 2831 1419 2897 videretur
1441 2831 1477 2896 in

391 2925 393 2932 ’
427 2933 568 2998 miseriis
599 2934 681 2998 satis
714 2938 888 3019 prostrata,
922 2953 1057 3018 gemens
1089 2933 1239 3020 genitrix
1272 2955 1306 3000 se
1337 2933 1478 3020 genibus

259 3067 343 3118 Buris
381 3033 464 3098 in
509 3039 631 3100 terram
677 3036 859 3120 prostravit
903 3035 1062 3100 denudat
1037 3039 1088 3100 trs
1152 3032 1280 3101 Caelum
1325 3034 1477 3122 precibus

259 3133 374 3186 ¹⁰⁵de
428 3136 583 3252 pulsavit,
618 3142 652 3202 et
686 3137 807 3203 crebris
840 3131 1115 3204 lamentationum
1149 3137 1299 3222 procellis
1329 3137 1373 3202 ad
1406 3157 1478 3222 pro-

258 3199 461 3330 {flrffihsg
428 3246 480 3324 p1t
466 3239 617 3304 tiandum
662 3239 771 3304 Deum
817 3245 983 3306 astantem
1027 3237 1186 3326 populum
1232 3239 1401 3316 invitavit,
1432 3243 1479 3304 ut

259 3331 382 3386 Wiffiffl·
429 3341 535 3404 filium
572 3363 670 3406 suum
701 3363 722 3407 a
756 3343 925 3408 manibus
940 3341 1009 3406 suis
1046 3347 1179 3427 raptum
1216 3341 1344 3407 meritis
1382 3341 1478 3408 Beati

429 3441 595 3520 Willelmi,
628 3443 682 3509 cui
718 3443 834 3507 vivum
869 3463 944 3509 eum
978 3441 1153 3520 obtulerat,
1184 3443 1248 3509 sibi
1279 3444 1477 3520 restitueret,

429 3549 489 3609 aut
534 3565 607 3610 eam
652 3566 727 3610 cum
773 3543 842 3610 filio
880 3543 1057 3610 funeraret.
1126 3545 1252 3612 Amicis
1296 3545 1401 3630 igitur
1437 3544 1478 3610 de

429 3645 578 3730 exequiis
610 3646 842 3732 cogitantibus,
873 3645 954 3711 dum
986 3651 1103 3711 maesta
1133 3651 1241 3712 mater
1273 3646 1412 3734 palleret
1442 3647 1477 3710 in

428 3747 572 3832 pulvere,
596 3748 677 3813 vitae
699 3748 794 3834 vigor
823 3747 941 3835 puen'li
971 3747 1133 3834 pullulare
1156 3747 1257 3834 coepit
1279 3749 1315 3812 in
1337 3769 1478 3834 corpore.

430 3849 497 3912 Vix
520 3847 630 3934 elapso
654 3849 752 3912 unius
783 3847 873 3913 horre
896 3847 1012 3934 spatio,
1035 3869 1117 3934 puer
1139 3853 1298 3934 tanquam
1321 3848 1362 3913 de
1384 3849 1479 3934 gravi

429 3952 591 4038 evigilans
625 3973 747 4030 somno,
770 3950 863 4016 molli
885 3949 1035 4016 anhelitu
1069 3951 1226 4036 spirante,
1249 3951 1337 4016 diem
1359 3951 1478 4036 recipit

428 4054 487 4117 in
482 4053 606 4132 oculis,
643 4057 678 4120 et
715 4059 785 4119 mot
786 4075 825 4118 us
862 4051 1024 4117 naturalis
1060 4071 1119 4140 per
1156 4053 1303 4118 membra
1340 4053 1479 4117 diffusus

428 4178 504 4221 eum
549 4156 593 4222 ad
638 4161 778 4221 mortem
823 4159 1070 4221 consternatum
1115 4154 1158 4220 ad
1203 4155 1478 4222 sternutationem

428 4257 565 4324 inducit.
613 4259 644 4323 A
677 4257 745 4323 leto
778 4257 891 4342 itaque
922 4255 1083 4322 liberatur
1113 4277 1204 4341 puer,
1236 4260 1272 4322 et
1305 4263 1411 4323 mater
1436 4257 1479 4322 ad

428 4360 582 4425 laetitiam
616 4357 811 4447 reparatur.1
856 4358 899 4422 In
930 4357 1017 4424 laetis
1051 4357 1157 4444 igitur
1177 4357 1251 4425 nati
1275 4363 1389 4424 mater
1411 4359 1484 4424 ruit‘

444 4611 472 4645 '¹
490 4611 552 4662 'ibis
572 4611 683 4675 chapter,
700 4611 759 4662 thus
778 4610 824 4673 fas,
835 4610 930 4662 consti·
980 4607 1103 4676 Breriary
1121 4609 1151 4659 ol
1169 4614 1241 4660 14⁹8.
1287 4610 1362 4662 short
1382 4611 1483 4678 abridg·

430 4698 497 4742 tutes
508 4690 578 4740 three
596 4689 624 4739 ol
643 4689 687 4738 the
698 4689 818 4739 [actions
834 4705 867 4738 on
887 4689 930 4738 tlre
981 4697 1063 4740 menta
1074 4690 1104 4740 of
1118 4689 1190 4756 eight
1207 4689 1325 4740 miracles
1345 4691 1481 4742 uereread

430 4771 527 4822 Octava
539 4769 568 4820 oi
578 4768 615 4821 St.
628 4768 741 4820 William
759 4767 785 4818 in
803 4768 847 4818 the
859 4767 930 4818 York
982 4783 1015 4818 on
1027 4769 1069 4819 the
1080 4767 1150 4818 sixth
1161 4769 1211 4835 day
1223 4767 1312 4820 within
1323 4769 1367 4820 the
1378 4779 1474 4821 octove.
