3454 5816
425 855 490 918 460
731 869 752 915 r
777 867 950 916 urrunnu
974 867 1173 916 senoricus

467 1055 528 1121 Ille
551 1055 729 1121 monarcho
751 1055 825 1133 suit,
840 1075 918 1120 nom
941 1062 1022 1121 tune
1044 1055 1236 1122 Britannice
1258 1055 1374 1140 proles
1432 1053 1507 1116 405

515 1157 659 1221 Inuoluit
682 1158 833 1242 patrium,
856 1157 968 1222 Pietus
991 1158 1149 1242 abestque
1173 1145 1297 1223 Scotus.

469 1259 525 1323 Sic
548 1259 760 1324 Eboreocnsis
784 1257 1023 1343 prothoflemen
1047 1259 1181 1344 praefuit
1203 1259 1320 1344 amplis

514 1359 665 1424 Arsaniae
689 1361 805 1446 patriae
828 1359 1027 1436 flaminibus,
1050 1361 1188 1446 populis.

470 1461 542 1525 Rex
567 1462 742 1525 Britonum
766 1461 887 1525 Lucius
911 1461 988 1526 fidei
1011 1461 1193 1546 primordie
1214 1483 1356 1539 sumens,

513 1563 698 1628 Instituens
719 1563 999 1648 archipontifieem
1022 1563 1150 1628 solidat.
1428 1563 1507 1624 410

469 1665 524 1729 Sic
547 1665 716 1750 templum,
740 1665 841 1741 sedes,
865 1665 1014 1751 populus,
1038 1665 1209 1750 provincie
1231 1667 1363 1741 dentur,

512 1767 669 1831 Pn'mitus
692 1772 732 1830 ut
753 1766 1064 1851 prothoflominibus
1085 1767 1250 1831 suberant

467 1868 578 1953 Hujus
601 1867 792 1953 metropolis
814 1868 985 1952 provincia
1007 1889 1153 1952 congrua
1175 1874 1313 1947 constet,

512 1970 629 2034 Omnis
652 1975 686 2033 et
709 1969 854 2034 Albanis
876 1975 983 2034 metra
1004 1967 1115 2054 priore
1137 1973 1242 2034 notet.

465 2071 631 2136 Pictorum
655 2069 805 2156 populus,
828 2071 1003 2148 animosus,
1027 2071 1181 2148 fervidus,
1205 2071 1323 2148 audax,
1415 2075 1492 2136 415

511 2172 685 2236 Extremos
707 2172 789 2236 fines
813 2177 951 2256 occupet
974 2171 1137 2237 Albaniae.

466 2273 529 2336 His
552 2273 637 2336 dono
661 2273 834 2338 Britonum
860 2273 957 2359 plaga
981 2273 1179 2339 Cathsuesis
1202 2275 1296 2349 cedit,

511 2375 586 2454 Quo
607 2375 653 2438 sie
676 2374 813 2439 obtentu
835 2375 996 2440 viciniora
1018 2381 1145 2461 petunt

466 2477 632 2562 Plenaque
656 2481 814 2541 montone
836 2477 1081 2554 transcendunt,
1105 2477 1287 2544 meridiane

511 2579 610 2642 Mixti
634 2578 827 2642 Britonibus
850 2579 1022 2663 optinuere
1046 2579 1126 2645 loeo.
1407 2585 1485 2647 420

329 2700 406 2751 inin.
467 2681 518 2743 Ex
542 2681 718 2744 Britonum
741 2684 840 2765 gente
862 2679 996 2766 genitus
1019 2682 1140 2766 linesul
1163 2682 1196 2745 N
1199 2683 1338 2761 iniurius

508 2782 675 2847 Pictorum
698 2781 828 2866 populis
852 2781 1012 2865 praedicat
1033 2783 1103 2868 ipse
1127 2784 1234 2850 fidem.

465 2883 642 2948 Ecclesiam
664 2884 790 2947 struxit
812 2905 886 2968 quse
911 2882 1065 2949 Candida
1088 2885 1175 2952 Ossa
1199 2893 1342 2966 vocatur,

507 2985 561 3048 Ad
584 3005 706 3049 morem
730 2985 1049 3071 Britonurnpraesul
1071 2992 1106 3052 et
1129 2989 1199 3074 ipse
1222 2989 1325 3054 Brito.

568 3226 615 3290 De
637 3223 787 3289 edoceto
810 3224 986 3290 seo-roem
1008 3223 1052 3290 ‘ire
1074 3225 1326 3292 Britanniam.l

465 3393 611 3476 Porvoge
634 3390 763 3456 Scotino
784 3413 874 3476 gene,
897 3390 1077 3455 Hibernioe
1099 3413 1177 3456 rnre
1199 3392 1392 3478 relinquens,
1405 3397 1473 3459 425

274 3557 295 3589 n
322 3559 357 3591 ι.
511 3493 664 3558 Occiduis
687 3491 808 3556 residet
829 3491 980 3577 portibus
1004 3491 1166 3557 Albaniae.

465 3595 610 3660 Occiduo
633 3592 747 3678 primo,
771 3593 827 3656 sed
851 3597 926 3678 post
950 3591 1115 3678 Ergndio²
1132 3593 1261 3678 juncte,

509 3697 686 3763 Cesserunt
710 3695 826 3771 Scotis,
850 3694 992 3780 pristina
1014 3695 1137 3780 scripte
1158 3694 1279 3761 ferunt.

464 3793 601 3864 Foedere
624 3820 698 3864 eum
721 3797 808 3862 ferro
832 3797 917 3862 Picti
942 3794 1071 3862 Seoeis³
1093 3797 1268 3876 sociantur,

510 3903 604 3968 Ficta
626 3901 706 3966 fides
730 3899 848 3976 fuerat,
871 3900 982 3964 exitus
1006 3903 1081 3966 aete
1103 3899 1255 3985 probent.
1360 3943 1367 3954 -
1404 3906 1470 3968 430

466 4005 581 4068 Mensa
603 4003 735 4066 funeste
757 4000 844 4065 Picti
867 4023 942 4065 eum
965 4000 1079 4066 froude
1104 4001 1275 4068 Scotorum

510 4105 602 4170 Artis
625 4126 691 4169 non
716 4103 832 4166 Mortis
856 4101 1021 4187 deperiere
1044 4102 1126 4167 dolo.

467 4207 622 4293 Expulsis
645 4206 746 4272 Pictis
770 4204 959 4270 damnanda
981 4204 1164 4270 calliditate

510 4311 563 4374 Ad
586 4310 658 4375 loco
679 4312 837 4372 montane
859 4307 1068 4392 praeripuere·
1082 4305 1180 4372 Seoti.

469 4415 596 4479 Montes
619 4411 769 4498 praedicti
791 4411 872 4474 fines
896 4415 975 4473 sunt
997 4409 1231 4489 Bernieiorum,
1405 4415 1485 4478 435·

510 4517 601 4580 duris
624 4519 658 4580 et
680 4513 874 4598 Anglorum,
897 4511 1012 4576 scribit
1035 4516 1074 4574 ut
1096 4511 1174 4576 inde
1197 4511 1295 4577 Beda.

1362 4653 1465 4661 —--.-

452 4712 458 4744 ι
479 4712 536 4762 0m,
551 4711 578 4760 Β,
996 4709 1007 4738 ⁵³
1026 4707 1097 4756 Picti
1112 4709 1208 4774 Sectis]
1231 4708 1308 4760 Pictis
1320 4709 1410 4772 scotti,
1423 4713 1454 4761 Β.

450 4791 461 4823 2
479 4788 613 4855 Eryadtu]
633 4787 757 4854 Amudis,
769 4789 799 4838 Β.
