3586 5802
417 899 483 964 142
573 913 724 962 nrsroar
747 913 791 963 or
813 912 907 962 roua
930 910 1170 961 sneunmnors
1193 911 1237 960 or
1260 911 1357 960 roni<

418 1099 618 1166 salutatione
649 1120 692 1164 ex
723 1103 818 1185 parte
851 1104 966 1166 nostra
1003 1103 1038 1165 et
1070 1097 1214 1184 benigne
1251 1096 1392 1173 reddita,
1424 1093 1472 1161 sic

419 1201 517 1268 aiunt
527 1225 580 1266 :--

249 1315 381 1394 Theyqsk
466 1312 482 1340 “
506 1303 719 1370 Eboraeensis
766 1302 900 1380 ecclesia
948 1323 1017 1378 vos,
1066 1302 1238 1368 dominum
1290 1306 1326 1366 et
1362 1321 1473 1387 regem

248 1381 439 1514 ffiffiopf‘
461 1428 566 1485 suum,
596 1405 768 1471 humiliter
809 1404 957 1491 requirit,
995 1408 1160 1490 quatenus
1197 1403 1383 1469 restituatis
1420 1400 1472 1464 illi

421 1509 740 1595 “archiepiscopum
772 1529 870 1594 quem
905 1505 1052 1572 dedistis.
1098 1506 1170 1572 Nes
1202 1505 1297 1570 illum
1335 1503 1472 1590 suseipi-

419 1619 436 1649 “
459 1633 540 1689 mus,
564 1611 651 1677 sieut
672 1611 715 1676 de
741 1631 780 1676 eo
805 1609 901 1676 nobis
923 1609 1008 1675 bene
1038 1607 1246 1695 promisistis,
1272 1605 1472 1694 quantulum

417 1715 626 1782 “internos
649 1717 863 1780 conversatus
897 1716 956 1789 est,
980 1716 1016 1776 et
1046 1733 1107 1777 nos
1131 1711 1338 1791 invenimus.
1383 1708 1471 1773 Prae-

417 1825 435 1852 “
458 1823 553 1904 cepto
574 1823 688 1883 nostro
715 1816 858 1883 ecclesiae
888 1815 1045 1882 diaeonus
1069 1819 1104 1880 et
1126 1815 1277 1881 sacerdos
1300 1813 1472 1879 ordinatus

417 1927 436 1954 “
458 1925 527 2000 est;
558 1920 780 1985 obedientiam
812 1923 848 1984 et
880 1917 1129 2004 subjectionem,
1167 1917 1254 1984 sicut
1287 1916 1472 1984 animarum

417 2029 434 2057 “
458 2025 645 2087 nostrarum
669 2020 856 2108 praeposito,
879 2019 930 2084 illi
961 2019 1193 2106 promisimus;
1224 2019 1252 2083 si
1287 2016 1472 2084 inconsulte

419 2132 435 2160 “
458 2123 512 2190 vel
536 2129 667 2190 coactus
690 2123 860 2190 ecclesiam
892 2122 1028 2202 dimisit,
1065 2122 1183 2208 quanti
1214 2120 1370 2208 ponderis
1404 2141 1473 2184 esse

420 2225 580 2291 “debeat
616 2225 831 2310 prudentiam
853 2230 1000 2290 vestram
1034 2245 1130 2290 nosse
1167 2244 1235 2288 non
1266 2221 1473 2308 ambigimus.

420 2327 576 2392 “Potuit
619 2333 732 2392 autem
764 2327 924 2413 potestati
961 2331 1082 2392 vestrae
1120 2325 1283 2391 dimisisse
1321 2345 1396 2410 quae
1433 2323 1475 2388 de

421 2429 616 2494 “libertate
639 2451 754 2516 regum
778 2434 812 2494 et
827 2428 1016 2515 principum
1046 2433 1082 2494 et
1113 2433 1307 2494 caeterorum
1330 2427 1474 2494 ecclesa

252 2536 293 2587 No
303 2551 352 2588 one
424 2539 440 2567 “
463 2532 587 2598 donata
624 2536 712 2608 sunt,
751 2531 818 2596 alia
855 2551 923 2596 non
960 2531 1080 2617 potuit.
1128 2530 1236 2597 Nemo
1267 2536 1318 2596 est
1354 2535 1475 2618 praeter

253 2605 377 2734 {230th
423 2641 440 2670 “
463 2655 630 2698 summum
651 2632 842 2720 pontificem
865 2633 924 2718 qui
945 2653 1006 2697 nos
1028 2653 1049 2697 a
1066 2632 1150 2719 jugo
1169 2633 1384 2718 subjectionis
1407 2653 1475 2697 sure

252 2737 348 2788 release
424 2736 634 2802 “absolvere
657 2740 765 2821 queat
811 2733 888 2799 Nisi
909 2734 1078 2821 perillum
1101 2755 1169 2800 non
1184 2755 1358 2821 possumus
1373 2733 1475 2800 alium

253 2803 323 2922 ἓξὲξ
331 2805 400 2922 ἔξω
424 2846 442 2874 “
463 2839 615 2925 recipere,
639 2841 757 2923 utpote
790 2836 944 2922 deinceps
966 2837 1091 2902 honore
1121 2837 1258 2904 carituri
1281 2841 1317 2902 et
1337 2835 1476 2901 infamia

250 2937 386 3015 jecticnto
424 2950 441 2978 (τ
464 2941 632 3008 notandi?

253 3003 316 3055 mm.
468 3044 703 3110 Adhibuerant
724 3063 834 3108 secum
868 3041 1083 3130 Ranulphum
1115 3043 1371 3110 Dunelmensem
1405 3042 1475 3129 epi·

423 3169 559 3234 scopum
582 3152 616 3212 et
639 3145 800 3232 quosdam
823 3145 967 3211 ecclesiae
994 3151 1116 3211 nostrae
1150 3146 1280 3212 amicos.
1304 3162 1306 3168 ’
1327 3146 1475 3232 Respon-

423 3250 519 3316 denti
540 3249 611 3336 regi
626 3248 715 3332 quod
731 3247 815 3313 bene
839 3246 1024 3314 consuleret
1046 3248 1190 3314 ecclesiae
1213 3253 1335 3314 nostrae
1358 3255 1393 3313 et
1414 3269 1475 3334 pro

255 3357 401 3436 rherurge
425 3373 490 3439 quo
512 3349 689 3436 petebant3
712 3354 746 3413 et
768 3349 818 3412 illi
841 3349 1077 3415 subdiderunt:
1102 3359 1119 3386 “
1135 3351 1320 3437 Oporteret,
1344 3351 1475 3417 domine

254 3423 413 3560 ξξξὲὲξοὶζ
426 3463 444 3489 “
457 3475 533 3529 rex,
557 3455 592 3516 et
613 3451 697 3516 bene
721 3455 755 3516 et
785 3450 941 3528 celeriter,
977 3452 1100 3516 etenim
1130 3474 1191 3518 nec
1229 3451 1392 3539 parochia,
1415 3475 1476 3518 nec

426 3565 442 3592 “
466 3554 624 3631 dioecesis,
655 3554 778 3618 nedum
816 3553 987 3639 provincia
1016 3555 1087 3620 sine
1109 3555 1204 3641 gravi
1241 3555 1386 3642 periculo
1417 3555 1476 3619 din

426 3668 442 3696 “
466 3677 583 3723 vacare
605 3659 723 3742 potest.
765 3655 810 3720 Et
844 3657 923 3741 quia
945 3656 982 3720 in
1011 3679 1112 3743 regno
1142 3662 1253 3722 vestro
1286 3659 1329 3722 ad
1353 3662 1475 3723 nutum

424 3771 442 3798 “
463 3757 636 3826 vestrum¹
658 3762 777 3823 cuncta
799 3759 992 3843 procedunt,
1014 3780 1053 3824 ac
1076 3781 1132 3825 cor
1165 3758 1253 3844 repis
1286 3759 1330 3824 ia
1362 3781 1475 3828 mauu
1488 3769 1627 3823 Pmmxi.

424 3874 440 3900 “
463 3863 531 3929 Dei
552 3867 606 3938 eat,
629 3865 663 3926 et
685 3860 780 3924 vobis
803 3860 908 3946 magis
931 3860 1095 3926 incumbit
1126 3861 1244 3927 melius
1275 3861 1474 3948 providere.”
1488 3845 1511 3891 ¹·

424 3969 514 4033 Bene
537 3971 572 4032 et
594 3963 744 4030 celeriter
778 3984 812 4028 se
850 3965 1061 4050 provisurum
1095 3965 1309 4050 pollicitante,
1341 3965 1477 4032 licentia

424 4059 557 4156 accepta
581 4067 808 4143 discesserunt,
833 4071 868 4130 et
890 4087 964 4131 eum
988 4065 1085 4132 exule
1100 4071 1213 4133 nostro
1235 4068 1346 4147 locuti,
1362 4090 1476 4155 quam-

424 4175 523 4238 citius
546 4171 766 4256 repatriantes
789 4169 833 4234 ad
855 4169 989 4256 propria
1011 4169 1134 4235 reversi
1157 4176 1244 4236 sunt.

470 4279 595 4342 Praeter
617 4277 752 4342 semidos
774 4281 904 4342 nostros
933 4297 1030 4341 nemo
1052 4276 1118 4340 fuit
1141 4277 1199 4362 qui
1228 4277 1474 4364 requisitionem

425 4379 510 4443 hanc
540 4377 682 4462 justitiae
720 4381 755 4441 et
790 4377 956 4443 honestati
991 4376 1087 4441 nobis
1120 4399 1188 4442 non
1221 4386 1476 4446 annumerasset.

428 4480 534 4561 Quem
569 4477 838 4544 Cantumiensis²
865 4480 940 4565 ejici
962 4479 1093 4558 fecerat,
1127 4479 1272 4546 faciebat
1302 4481 1410 4548 adhue
1444 4488 1479 4548 et

628 4747 636 4780 ¹
654 4747 772 4812 vestrum]
793 4746 828 4807 in,
841 4747 886 4797 inc.
898 4750 956 4802 MS.

627 4828 638 4862 ²
658 4827 862 4894 canturiensis]
885 4830 1102 4897 cantuariensem,
1113 4835 1171 4887 MS.
