3454 5816
506 921 549 970 or
572 919 642 968 run
666 919 809 968 cnuncn
834 917 877 966 or
902 917 1004 966 ronu.
1225 899 1288 966 475

284 1107 317 1172 Is
340 1129 408 1173 non
430 1107 536 1172 multo
558 1111 674 1192 postea
695 1107 782 1172 hanc
805 1106 909 1170 vitam
933 1103 1056 1180 finivit,

282 1211 410 1276 Ibidem
433 1211 615 1297 Wigorniae
638 1233 755 1296 corpus
778 1209 939 1296 sepelivit.

283 1313 376 1380 Tunc
399 1314 573 1380 Oswaldus
595 1313 701 1380 alius¹
725 1313 768 1378 ad
792 1312 901 1376 sedem
924 1311 1083 1386 ascendit,
1129 1311 1200 1379 xix,
1226 1313 1289 1376 185
1304 1311 1405 1364 Oswald
1415 1311 1450 1360 11.

283 1415 348 1495 Qui
371 1437 504 1502 gregem
527 1415 739 1480 Dominicum
762 1413 869 1479 fidelis
893 1412 1050 1477 defendit.

283 1517 357 1596 Quo
379 1517 535 1584 defuncto
558 1516 723 1583 cathedrae
747 1515 903 1582 successit
926 1514 1106 1594 wlstanus,
1131 1537 1185 1580 xx.
1305 1525 1405 1576 wlstan
1418 1523 1439 1573 Ι.

284 1617 389 1700 Quem
411 1643 472 1685 rex
495 1621 565 1706 ipse
588 1620 711 1685 statuit
733 1619 809 1705 pius
831 1617 1043 1695 AdclstanuS,

283 1722 347 1788 Oui
370 1728 478 1788 totum
501 1723 731 1789 Amundrenes
753 1723 807 1808 pie
837 1721 1054 1800 confirmavit,
1115 1713 1120 1722 ’

283 1823 380 1904 Quod
402 1829 437 1890 et
458 1847 479 1890 a
501 1825 661 1911 paganica
682 1829 782 1910 gente
805 1824 1017 1911 comparavit.
1230 1827 1293 1890 190

283 1925 337 1990 Ab
361 1926 536 1991 Edmundo
559 1927 689 2012 capitur
711 1925 824 1990 furore
847 1924 981 2011 replete,

284 2027 442 2113 Sepultus
465 2029 501 2092 in
523 2028 695 2094 Undalum
726 2028 837 2093 labore
861 2027 1031 2114 completo,

284 2129 330 2194 Et
353 2136 428 2216 post
458 2129 553 2194 illum
580 2131 732 2216 sequitur
757 2129 919 2196 secundus
943 2129 1114 2194 wlstanus
1150 2131 1218 2194 xxi.
1308 2143 1413 2194 wlstan
1425 2142 1461 2192 11.

287 2232 337 2297 Ac
364 2231 485 2318 praesul
516 2231 666 2310 efficitur,
691 2233 728 2296 in
753 2231 904 2298 doctrine
934 2251 1057 2312 sanus;

287 2332 353 2413 Qui
384 2333 473 2398 rexit
499 2333 666 2400 ecclesiam
697 2335 822 2398 virtute
847 2333 1011 2410 suffultus,
1232 2337 1293 2398 195

286 2435 331 2500 Et
357 2441 532 2522 postquam
559 2436 752 2523 defungitur
777 2437 818 2501 fit
844 2435 926 2522 Elye
953 2435 1109 2520 sepultus.

286 2537 379 2604 Tunc
405 2537 549 2604 Alfricus
575 2538 767 2605 cathedram
791 2538 926 2603 honoris
952 2537 1088 2623 accepit,
1156 2537 1237 2604 xxii.
1307 2549 1398 2601 alfric.

285 2641 317 2704 A
343 2662 472 2706 summo
499 2641 655 2728 pontifice
683 2639 822 2727 pallium
847 2641 979 2727 recepit.

290 2742 377 2809 Cum
402 2743 517 2808 multis
542 2743 703 2829 episeopis
726 2743 783 2810 hic
808 2741 1009 2809 Edwardum
1037 2744 1147 2822 unxit,

289 2842 447 2910 Sanctum
470 2865 581 2930 regem
608 2843 749 2929 Angliae,
777 2864 861 2908 onus
887 2843 951 2908 sibi
974 2845 1100 2930 junxit.
1230 2848 1295 2912 200

290 2945 356 3011 Hic
385 2945 550 3016 Johmuis
576 2945 727 3032 praesulis
754 2967 885 3032 capsam
912 2947 1096 3024 fabricavit,

290 3045 332 3111 In
355 3047 443 3113 hane
467 3069 542 3114 cum
568 3047 720 3133 reliquiis
747 3069 821 3114 ossa
846 3049 1028 3116 collocavit.

289 3148 416 3230 Qruinto
441 3171 516 3215 cum
548 3149 705 3215 vicesimo
731 3170 818 3215 anno
844 3151 1051 3236 praesulatus,

290 3249 393 3336 Apud
418 3249 624 3316 Southwelle
648 3251 740 3328 obiit,
764 3251 801 3314 in
831 3251 945 3340 Burgh
969 3253 1162 3330 tumulatus,

291 3351 382 3418 Huic
406 3352 563 3420 suecessit
588 3353 746 3440 Kynsiue‚
785 3353 972 3440 capellanus
995 3355 1090 3443 regis,
1113 3356 1207 3421 xxiii.
1232 3359 1296 3422 205
1311 3362 1422 3414 Kinaros.

290 3455 393 3521 Rexit
419 3477 477 3543 per
503 3455 658 3522 diocesim
684 3477 796 3522 curam
823 3457 875 3521 eui
899 3457 1007 3544 gregis
1019 3483 1028 3536 3

292 3557 359 3624 Hic
384 3558 471 3622 turri
498 3557 639 3644 lapidea,
665 3558 768 3638 libris,
796 3561 1009 3640 ornamentis,

293 3659 471 3747 Campanis
498 3660 673 3746 praecipuis
695 3659 767 3726 soni
790 3681 890 3746 quam
922 3661 1075 3741 decentis,

293 3762 457 3828 Beverlak
484 3763 652 3828 eeclesiam
676 3763 775 3850 digne
802 3763 978 3838 decoravit,

294 3863 510 3929 Southwellae
539 3862 694 3928 similiter
716 3864 812 3949 signa
836 3863 1026 3930 destinavit.
1233 3869 1298 3934 210

293 3963 393 4051 Vulgi
417 3966 457 4030 fit
481 3965 593 4050 opinio
619 3965 707 4052 quod
732 3965 892 4031 nonfuit
914 3973 1022 4045 natus,

294 4067 359 4133 Sed
386 4067 426 4132 de
454 4067 569 4132 matris
596 4072 691 4133 utero
714 4067 878 4134 defunctae
901 4075 1036 4136 secatus.

293 4171 392 4234 Anno
418 4190 505 4234 nono
530 4169 670 4234 moritur
696 4191 764 4235 suae
790 4169 972 4257 dignitatis,

294 4273 338 4338 Et
362 4272 398 4335 in
425 4271 558 4357 Burghe
585 4272 757 4356 reponitur
783 4292 899 4357 corpus
928 4273 1115 4359 gravitatis.
1408 4351 1416 4364 .

293 4373 458 4438 Aldredus
481 4373 653 4460 episcopus
680 4371 844 4438 cathedrae
860 4375 1024 4454 successit,
1082 4377 1187 4444 xxiiii.
1235 4383 1299 4446 215
1313 4379 1418 4431 mareu.

294 4475 394 4540 Anno
420 4495 479 4539 suo
506 4474 633 4540 decimo
659 4473 714 4539 hie
740 4474 879 4540 Romam
904 4477 1047 4543 accessit.

296 4577 387 4663 Papa
410 4576 474 4640 sibi
500 4575 639 4662 pallium
664 4577 757 4642 dedit
782 4599 840 4663 pro
865 4577 986 4664 vigore,

297 4679 485 4745 Remittens
511 4679 547 4743 in
572 4679 729 4766 Angliam
755 4679 863 4746 laudis
890 4703 965 4747 oum
989 4683 1120 4752 honore.

322 4783 412 4790 -uu—
416 4783 490 4789 --
496 4783 600 4788 -——.
605 4783 668 4789 --
896 4785 1063 4794 -—-—

252 4783 294 4947 ῙῙ
311 4819 355 4870 An
374 4833 452 4879 error,
464 4818 515 4868 and
535 4824 580 4868 not
599 4819 642 4870 the
662 4819 723 4884 only
734 4834 783 4870 ono
801 4819 950 4872 committed
969 4821 1004 4886 by
1023 4822 1065 4874 the
1086 4824 1173 4874 writer
1201 4791 1301 4881 inffii

272 4897 306 4948 iet
