3582 5798
421 921 463 985 92
743 935 825 984 v1rs
848 935 969 984 ssucrr
994 937 1148 986 oswanm

418 1121 554 1186 uitione.
611 1121 816 1188 Medicorum
839 1125 952 1186 tamen
975 1121 1239 1209 experimentum
1261 1145 1329 1190 non
1352 1123 1468 1202 defuit,

417 1222 475 1287 sed
497 1244 565 1288 non
587 1222 729 1288 contulit
753 1223 938 1309 quicquam.
1000 1223 1147 1289 Tandem
1171 1225 1373 1312 consumptis
1400 1247 1469 1290 car-

417 1324 516 1390 nibus
538 1323 647 1391 effoeto
670 1347 812 1412 corpore,
829 1347 904 1399 cum
928 1347 997 1391 sese
1015 1327 1087 1412 jam
1103 1349 1171 1391 non
1193 1333 1325 1413 caperet
1348 1327 1469 1392 doloris

418 1426 635 1505 vehementia,
659 1428 701 1492 ad
724 1428 874 1494 tumbam
899 1429 995 1493 Beati
1019 1427 1167 1493 Oswaldi
1198 1451 1231 1494 se
1254 1429 1334 1494 ferri
1356 1435 1469 1516 postu-

417 1528 517 1606 labat,
548 1529 633 1594 nulli
665 1530 804 1595 dubium
834 1531 916 1615 quin
948 1530 1066 1596 ductus
1099 1530 1228 1616 Spiritu
1263 1531 1335 1597 Dei.
1396 1532 1469 1611 Quo

418 1653 492 1696 cum
523 1631 734 1717 pervenisset,
759 1637 943 1717 prostratus
975 1633 1044 1698 solo
1071 1633 1221 1718 precibus
1251 1633 1411 1710 incubuit,
1435 1639 1470 1698 ct

418 1738 567 1798 orantem
581 1754 678 1820 sopor
697 1733 850 1798 involvit.
889 1733 961 1800 Nec
975 1756 1085 1814 mora;
1105 1740 1140 1799 et
1155 1734 1279 1800 Beatus
1295 1735 1469 1800 Oswaldus

248 1837 276 1887 1⁵
287 1838 364 1928 01110‘}
372 1844 399 1888 at
418 1827 601 1922 procurans
628 1842 751 1922 aegroto
784 1837 920 1902 celerem
954 1837 1160 1914 medicinam,
1184 1859 1258 1902 eum
1286 1843 1355 1904 tam
1385 1839 1469 1902 miro

248 1903 373 2020 {mm
418 1937 515 2002 modo
537 1938 686 2003 restituit
708 1939 855 2016 sanitati,
878 1944 918 2002 ut
941 1940 1047 2002 omnis
1078 1939 1189 2004 nocivi
1213 1939 1330 2005 caloris
1359 1940 1469 2004 fervor

417 2045 605 2125 tepesceret,
630 2045 665 2104 et
694 2040 897 2106 naturalium
929 2041 1080 2105 rediviva
1107 2041 1215 2106 virtus
1246 2041 1467 2108 invalesceret.

418 2141 471 2218 Et,
494 2141 583 2226 quod
606 2141 711 2228 magis
738 2147 880 2229 stupeas,
904 2142 992 2208 color
1014 2143 1174 2228 perditus,
1189 2143 1362 2208 exinanita
1385 2165 1469 2220 caro,

416 2243 522 2307 livida
555 2244 640 2308 cutis
674 2250 743 2308 tam
778 2244 889 2310 subito
923 2245 1058 2322 rediere,
1094 2245 1181 2330 quod
1217 2245 1367 2310 Eundem
1401 2268 1468 2310 non

417 2345 598 2431 ambigeres
621 2346 762 2432 gratiam
787 2346 1042 2410 misericorditer
1065 2347 1265 2433 apposuisse,
1289 2345 1395 2426 Quem
1418 2369 1469 2414 so·

417 2469 527 2514 cerum
550 2447 640 2512 Petri
662 2469 683 2513 a
705 2448 807 2512 simili
830 2447 988 2536 languore
1011 2449 1153 2534 legimus
1176 2449 1341 2514 liberasse.

464 2718 634 2801 Quomodo
657 2719 726 2786 duo
745 2719 944 2806 praesedentes
966 2718 1120 2806 dirupti-a
1143 2717 1292 2786 mucidis
1308 2717 1432 2806 ferreis

829 2820 945 2888 coemi
967 2828 1056 2888 suat.

248 2991 275 3041 A
288 2991 374 3043 saxon
464 2977 594 3044 Dehinc
609 2977 760 3044 revoluto
770 2984 916 3064 tempore
929 2979 1024 3044 venit
1036 2979 1171 3064 quidam
1185 2976 1355 3043 Saxonum
1366 2977 1469 3065 stirpe

249 3059 385 3174 ffinffis
419 3081 586 3158 oriundus,
611 3081 717 3146 liten's
750 3080 883 3166 quidem
915 3079 1072 3157 imbutus,
1096 3080 1153 3144 sed
1179 3079 1311 3166 publica
1334 3080 1468 3145 damna·

251 3191 306 3240 non
337 3189 398 3240 'rdle
419 3191 474 3250 tus
497 3183 704 3269 poenitentia,
720 3183 755 3246 in
776 3181 922 3246 exitibus
945 3181 1084 3258 viarum,
1100 3183 1136 3245 in
1158 3181 1242 3249 facio
1264 3182 1469 3269 populorum,

250 3264 362 3374 ibai*
418 3285 539 3372 agebat
561 3289 683 3350 sectam
702 3284 851 3350 tabulam
875 3289 950 3369 post
965 3283 1185 3370 naufragium.
1231 3283 1349 3370 Itaque
1364 3307 1469 3371 vagus

419 3394 453 3453 et
475 3386 635 3473 profugus
658 3409 756 3472 snper
772 3393 902 3463 terram,
917 3407 990 3450 raro
1013 3391 1116 3465 tutus,
1133 3386 1266 3471 quietus
1288 3409 1469 3473 nunquam,

317 3515 320 3520 ·
419 3489 541 3574 ubique
572 3488 708 3566 advena,
740 3488 945 3553 emendicato
975 3487 1133 3573 suffragio
1163 3487 1375 3573 comparabat
1405 3489 1468 3553 sibi

419 3611 538 3678 panem
561 3589 689 3655 doloris.
746 3589 790 3654 Et
813 3593 927 3654 tamen
949 3589 1048 3654 initia
1078 3588 1240 3655 malorum
1266 3590 1344 3655 haec.
1403 3590 1468 3656 Ac-

419 3693 516 3760 cessit
531 3693 619 3758 enim
641 3696 857 3779 augmentum
880 3691 1021 3756 miseriae
1044 3691 1132 3776 quod
1155 3691 1262 3756 medio
1279 3693 1468 3759 vinculatus

372 3844 377 3853 -
419 3801 514 3878 ferre,
536 3799 722 3886 putrefacta
744 3803 828 3874 cute,
852 3798 958 3863 exesis
981 3797 1144 3874 carnibus,
1160 3804 1353 3884 erumpente
1376 3802 1468 3866 sanic

419 3905 454 3968 in
477 3903 635 3980 faetorem,
657 3899 838 3988 apparebat
860 3901 971 3986 gravis
994 3900 1077 3978 aliis,
1100 3899 1164 3964 sibi
1187 3902 1339 3987 gravior;
1362 3924 1468 3988 neque

418 4006 507 4092 rigor
538 4003 746 4090 poenitentiae
779 4002 902 4066 ferrum
935 4001 1020 4067 solvi
1054 4023 1156 4067 manu
1188 4002 1332 4068 hominis
1363 4005 1468 4090 patie-

418 4108 526 4184 batur,
552 4105 617 4169 nisi
647 4104 778 4190 potenti
810 4125 911 4169 manu
944 4103 1016 4181 Dei,
1040 4103 1095 4168 vel
1126 4103 1238 4188 aliquo
1271 4104 1468 4170 Sanctorum

418 4207 628 4275 adminiculo
666 4207 765 4272 Unde
788 4205 969 4292 urgebatur
991 4205 1135 4290 amplius
1159 4227 1331 4292 peragrare
1355 4208 1467 4274 orbem

419 4316 515 4374 terrae
542 4309 586 4372 ad
607 4308 775 4374 visitanda
807 4308 1004 4374 Sanctorum
1035 4307 1152 4372 limina
1173 4309 1279 4374 sicubi
1301 4309 1469 4376 inveniret

418 4411 600 4476 remedium
622 4433 738 4496 poenae,
753 4411 914 4476 malorum
934 4410 1041 4475 finem.
1090 4410 1191 4475 Venit
1210 4411 1322 4496 itaque
1343 4411 1467 4499 Wigor-

419 4513 518 4591 niam,
534 4516 569 4576 et
583 4511 698 4577 audito
712 4512 844 4576 nomine
863 4517 898 4576 et
912 4511 1017 4598 gloria
1035 4511 1178 4576 nominis
1199 4511 1295 4576 Beati
1312 4511 1468 4593 Oswaldi,

420 4613 586 4680 tumulum
610 4612 679 4698 ejus
702 4613 787 4677 adiit
808 4613 949 4698 supplex
972 4617 1129 4699 precator,
1153 4612 1279 4678 fatetur
1301 4613 1466 4694 delictum,

420 4721 550 4781 reatum
584 4714 739 4800 agnoscit,
773 4719 813 4778 ut
846 4714 924 4780 hinc
957 4719 1114 4801 agnoscat
1148 4715 1284 4801 justitia
1317 4719 1467 4802 puniens,

420 4819 499 4885 hinc
528 4817 699 4883 miseratio
730 4816 870 4882 salvans.
932 4817 1052 4881 Adhuc
1083 4838 1121 4882 eo
1144 4823 1258 4883 orante
1289 4823 1321 4883 el
1346 4819 1468 4885 ferrum
