3582 5798
604 907 648 954 ar
673 908 774 956 nunu
798 909 867 957 rua
891 889 1063 960 onrnroa.
1323 900 1365 964 99

303 1095 343 1158 de
377 1093 583 1181 Wigornensi
617 1097 691 1161 sede
727 1097 762 1161 in
794 1098 1001 1183 metropolim
1037 1099 1217 1165 Eboracam
1253 1105 1360 1164 trans-

303 1197 398 1275 latus,
423 1198 588 1283 quendam
618 1199 817 1264 monachum
848 1221 956 1277 suum,
988 1203 1120 1266 nomine
1143 1203 1283 1280 Wlstan,
1308 1227 1359 1268 or-

302 1300 433 1364 dinavit
471 1300 669 1386 episcopum,
704 1307 738 1365 et
772 1302 944 1366 duodecim
980 1303 1076 1367 villas
1111 1305 1174 1368 sibi
1209 1307 1357 1376 retinuit,

302 1401 455 1486 Reliquas
480 1424 558 1466 vero
581 1403 760 1488 W[lstano]
785 1405 943 1490 episcopo,
960 1411 1118 1490 tanquam
1142 1409 1265 1473 vicario
1289 1431 1356 1486 suo,

301 1503 441 1589 reliquit.

345 1607 416 1670 Rex
441 1629 519 1672 vero
542 1607 635 1672 dedit
667 1607 989 1694 archiepiscopatum
1023 1610 1153 1674 cuidam
1187 1613 1354 1697 capellano

299 1731 365 1786 suo,
389 1711 505 1775 clerico
529 1711 661 1795 quidem
697 1710 839 1796 eleganti
878 1719 912 1776 et
946 1711 1090 1796 plurima
1124 1715 1262 1778 scientia
1284 1716 1353 1800 pol·

298 1811 388 1890 lenti,
419 1813 556 1878 honesto
586 1819 620 1878 et
653 1813 837 1879 honestatis
871 1815 984 1891 amico,
1008 1814 1142 1881 Thomae
1166 1817 1352 1882 Baiocensis
1366 1831 1520 1888 Thomasof

299 1917 441 1982 ecclesiae
476 1916 690 1994 thesaurario
722 1917 817 2002 cujus
852 1919 999 1983 scientiae
1034 1925 1068 1983 et
1101 1919 1291 1998 honestade,
1317 1901 1521 2020 etffiffich·

298 2019 470 2105 elegantiae
492 2011 691 2105 praeconium
725 2043 783 2106 per
815 2043 926 2085 omnes
951 2021 1132 2086 Galliarum
1164 2025 1494 2116 provinciasbjshopof

297 2127 331 2185 et
353 2121 449 2208 longe
472 2122 561 2187 ultra
583 2123 735 2207 frequens
758 2121 939 2187 resonabat.
1363 2100 1440 2152 Μ·
1469 2141 1476 2157 ·

341 2223 521 2308 Stigandus
558 2230 669 2289 autem
706 2225 954 2290 Cantuariensis
987 2226 1259 2312 archiepiscopus,
1291 2231 1348 2313 qui
1363 2225 1514 2341 Dfeposition

298 2331 332 2389 et
362 2326 461 2389 simul
494 2326 732 2392 Wintoniensis
763 2328 933 2413 episcopus
965 2334 1000 2392 et
1034 2329 1257 2393 coenobiorum
1289 2309 1377 2394 ali-⁰
1398 2294 1511 2362 Sagana.

296 2433 378 2512 quot
400 2427 500 2492 abbas
533 2434 611 2504 erat,
635 2429 733 2514 paulo
768 2435 851 2514 post,
876 2435 1010 2514 propter
1040 2429 1167 2494 hoo-ot
1198 2430 1349 2495 eliasibi

295 2529 422 2613 objecta
445 2553 502 2615 per
532 2531 657 2616 legatos
690 2531 775 2594 sedis
799 2531 1007 2616 apostolicae,
1032 2553 1106 2616 rege
1129 2529 1271 2608 volente,
1294 2533 1349 2597 de-

292 2632 450 2717 gradatus
473 2639 530 2698 est.
589 2633 670 2698 Erat
705 2640 740 2697 et
774 2633 865 2718 ipse¹
892 2635 1132 2719 possessionum
1168 2635 1347 2700 multarum

294 2733 387 2799 dives
421 2735 607 2820 plurimum,
639 2737 708 2799 auri
735 2757 812 2800 vero
845 2743 879 2800 et
910 2739 1039 2822 argenti
1071 2759 1171 2824 supra
1204 2738 1345 2803 modurn.

298 2836 380 2915 Quae
416 2839 527 2900 omnia
561 2838 767 2901 remanentia
799 2860 874 2901 cunr
910 2840 1037 2924 copiose
1073 2841 1274 2918 ditaverunt,
1300 2839 1347 2906 'et

293 2938 519 3002 confirmatum
545 2945 595 3003 est
610 2957 747 3024 regnum
772 2941 807 3002 in
830 2963 928 3004 manu
954 2943 1032 3027 ejus
1072 2940 1344 3007 Cantuariensem
1359 2961 1486 3014 Lanfranc

293 3041 608 3127 archiepiscopatum
649 3043 742 3106 dedit
780 3064 839 3106 rex
879 3045 1007 3107 cuidam
1050 3045 1177 3122 seniori,
1212 3047 1343 3110 nomine
1357 3030 1512 3158 ffigfigffih

293 3142 483 3218 Lanfranco,
507 3145 644 3208 scientia
667 3150 700 3208 et
730 3145 888 3230 religione
918 3145 1049 3224 famoso,
1075 3147 1136 3213 sub
1159 3147 1252 3231 cujus
1275 3169 1344 3210 ma·
1359 3160 1464 3210 Carrar-

291 3245 426 3329 gisterio
449 3245 489 3310 de
514 3245 639 3323 Galliae,
656 3247 850 3323 Germaniae,
871 3247 975 3312 ltaliae
998 3249 1119 3312 finibus
1142 3271 1253 3313 omnes
1277 3250 1343 3312 fere
1358 3227 1431 3291 bury.

292 3346 482 3423 didicerant,
506 3349 593 3412 inter
627 3369 708 3432 quos
731 3354 765 3412 et
796 3348 955 3432 praefatae
979 3349 1130 3427 Thomas,
1154 3352 1341 3436 quicunque

291 3455 372 3513 tunc
404 3450 559 3535 temporis
598 3451 742 3514 scientiae
775 3450 944 3514 literarum
985 3451 1191 3536 aliquantum
1223 3474 1342 3517 nomen

290 3549 441 3615 habebat.
488 3551 588 3614 Hunc
611 3556 646 3614 et
676 3551 750 3615 ideo
782 3553 852 3636 regi
888 3551 1013 3636 placuit
1047 3553 1089 3616 ad
1121 3554 1208 3636 quod
1231 3557 1342 3638 potuit

290 3650 421 3736 dignius
444 3673 642 3736 promovere,
668 3652 754 3736 quod
778 3673 852 3716 eum
877 3653 1019 3738 primum
1044 3653 1196 3718 abbatem
1220 3654 1342 3718 fecerat

288 3753 325 3816 in
350 3752 545 3841 Cadomensi
578 3755 774 3818 monasterio
808 3754 923 3820 Sancti
959 3754 1128 3840 Stephani,
1152 3756 1239 3839 quod
1270 3757 1340 3840 ipse

290 3855 494 3926 fundaverat.
541 3856 633 3920 Tunc
655 3876 721 3918 non
756 3857 865 3940 potuit
900 3857 1022 3920 servari
1058 3856 1115 3919 illa
1138 3859 1340 3924 consuetudo

289 3979 309 4020 a
332 3979 417 4042 papa
441 3947 588 4022 Honorio
622 3958 710 4021 inter
741 3957 1012 4023 Cantuariensem
1046 3963 1080 4022 et
1102 3957 1339 4023 Eboracensem

289 4059 546 4144 archiepiscopos
576 4061 742 4135 instituta,
766 4066 805 4123 ut
836 4058 941 4124 altero
976 4060 1151 4126 decedente
1175 4083 1339 4127 successor

288 4160 358 4244 ejus
382 4160 423 4224 ab
446 4160 548 4225 altero
579 4162 756 4247 superstite
780 4161 925 4225 vicissim
956 4168 1205 4226 consecraretur.
1252 4165 1336 4228 Lan-
1351 4169 1463 4220 Thomas

288 4261 430 4339 francae,
452 4262 529 4326 licet
561 4263 723 4346 posterius
758 4263 947 4338 investitus,
970 4285 991 4326 a
1024 4264 1238 4350 suffraganeis
1269 4267 1337 4332 suis
1350 4237 1483 4366 ἑξῗξίξξω

287 4363 379 4448 prius
402 4369 607 4428 consecratus
631 4371 688 4428 est.
736 4363 878 4428 Thomas
901 4364 944 4427 ab
966 4385 1004 4428 eo
1028 4366 1205 4430 consecrari
1228 4369 1336 4452 requi·
1350 4372 1486 4422 obedienee

286 4464 374 4528 sirit.
414 4464 474 4528 Ille
491 4485 568 4529 vero
591 4466 703 4531 renuit
725 4465 790 4529 nisi
814 4465 1026 4550 subjectionis
1050 4467 1282 4551 professionem
1306 4471 1336 4535 ei
1350 4437 1457 4554 mm

286 4565 416 4632 faceret.
458 4566 555 4646 Quod
578 4567 634 4632 ille
657 4589 699 4632 ex
719 4567 794 4652 jure
817 4567 960 4632 ecclesiae
983 4589 1051 4632 suae
1074 4589 1108 4633 se
1131 4590 1198 4632 non
1220 4571 1337 4636 debere

654 4791 661 4824 ¹
684 4791 753 4858 ipse]
769 4790 790 4840 i.
801 4807 822 4842 e.
833 4791 877 4842 the
889 4789 959 4855 king.

1137 4897 1160 4946 G
1184 4885 1204 4946 2
