3582 5798
445 933 488 996 82
765 945 848 994 vrri
871 943 992 994 siren
1016 945 1170 994 oswrror

276 1145 410 1198 Oswaldis
446 1139 599 1206 Evolutis
621 1140 741 1206 exinde
775 1140 892 1206 diebus
925 1140 1061 1226 aliquot,
1085 1161 1159 1205 oum
1190 1139 1281 1224 apud
1316 1137 1495 1204 Eboraoom

275 1209 393 1261 Μή·
445 1247 538 1320 esset,
560 1243 752 1308 memoriam
785 1263 886 1330 egens
916 1242 1065 1308 defunct-i
1094 1241 1147 1306 sui
1177 1241 1214 1305 in
1243 1240 1296 1305 his
1319 1263 1394 1326 quae
1416 1245 1496 1304 sunt

276 1355 421 1407 nemon:
443 1344 486 1408 ad
509 1345 625 1424 Deum,
649 1354 785 1433 apparuit
816 1345 863 1409 ei·
879 1345 967 1410 idem
998 1353 1162 1418 defunctus,
1195 1348 1230 1408 et
1264 1341 1495 1430 percunctanti
1507 1351 1625 1414 memet,

274 1430 418 1540 {pigffim
444 1454 509 1526 quis
546 1463 631 1523 esset,
669 1455 837 1531 rospondit:
860 1446 965 1532 “Ego
1004 1467 1077 1510 sum
1112 1445 1167 1510 iilo
1198 1467 1259 1532 pro
1293 1467 1358 1531 quo
1392 1445 1494 1510 inter·
1507 1424 1585 1480 ΡΜ·

274 1557 401 1622 ⁸²r⁸th⁸t
444 1556 461 1582 “
482 1549 629 1634 pellebas
660 1548 850 1626 Dominum,
882 1547 1050 1634 singulare
1087 1547 1282 1613 sacrificium
1320 1547 1494 1626 offerendo,

274 1623 364 1739 ige?
444 1657 462 1683 ‘¹
484 1651 645 1717 seiutares
682 1651 837 1718 excubias
875 1650 1000 1716 totiens
1036 1649 1303 1736 frequentando.''
1359 1659 1407 1721 At
1444 1661 1494 1715 ille

273 1757 403 1818 pardoned
445 1741 539 1824 quasi
576 1741 727 1808 redivivo
772 1750 921 1822 suspirans
968 1739 1110 1826 spiritu:
1149 1750 1168 1774 “
1186 1740 1346 1820 Qualiter,'’
1385 1749 1492 1821 inquit,

272 1821 386 1887 through
392 1824 432 1874 ΜΕ
445 1839 464 1863 “
489 1839 555 1906 tibi,
571 1845 616 1904 est
637 1829 758 1896 frateri”
782 1830 827 1895 Et
848 1830 923 1894 illo:
938 1837 956 1864 ‘¹
966 1829 1039 1894 Hoc
1061 1829 1125 1894 tibi
1140 1829 1261 1894 referre
1275 1829 1354 1895 veni
1368 1830 1492 1916 gratias

273 1902 384 1954 pnym'
444 1927 460 1953 “
482 1940 591 2006 agenn.
638 1931 686 1986 Me
724 1919 813 1984 enim
835 1928 883 1984 die
919 1929 1055 1983 hesterna
1086 1945 1138 2000 per
1168 1927 1317 1998 Angelum
1350 1929 1442 1984 Suum
1475 1946 1493 1983 a

442 2018 461 2042 “
486 2020 582 2089 poenis
603 2019 712 2092 eripuit
734 2019 822 2084 Deus,
844 2007 998 2086 absolvit,
1021 2007 1105 2073 mihi
1137 2009 1348 2074 securitatem
1370 2009 1492 2094 quietis

375 2131 377 2134 ·
440 2120 456 2147 ‘⁴
480 2110 660 2177 collocavit.
707 2110 892 2196 Reoeptum
913 2109 1002 2174 enim
1033 2109 1114 2174 dum
1147 2109 1315 2176 fuscarent
1336 2111 1491 2186 tenebrae,

440 2223 456 2248 “
479 2217 647 2298 torqueret
669 2211 792 2277 vermis
814 2211 1034 2288 oonsoientiae,
1055 2210 1206 2276 turbaret
1236 2211 1326 2277 loeus
1348 2211 1490 2277 horroris

439 2323 457 2351 ‘¹
479 2322 514 2380 et
545 2320 634 2381 terra
667 2313 817 2392 misoriae,
848 2313 957 2378 eluxit
981 2311 1065 2376 mihi
1088 2313 1124 2379 in
1158 2312 1304 2378 tenebris
1336 2313 1491 2400 splendor

442 2427 457 2453 ⁴
478 2414 591 2504 glories
629 2421 705 2493 tues,
738 2415 926 2482 sanctitatis
969 2415 1133 2493 meritum,
1180 2415 1269 2502 ignis
1307 2416 1490 2482 vulneratae

438 2519 627 2585 “caritatis
665 2519 814 2584 cinereus
843 2517 936 2604 ligna
957 2518 1140 2595 ·vitiorum‚
1178 2506 1285 2582 vitem
1323 2517 1490 2584 conferens

438 2629 455 2655 “
477 2621 615 2707 sepulto,
638 2619 769 2706 perdito
791 2619 1045 2685 remissionem.''
1090 2629 1129 2683 Et
1150 2627 1197 2683 his
1220 2629 1306 2684 dictis
1327 2647 1389 2685 non
1411 2647 1487 2686 oom-

437 2720 543 2791 psruit.
588 2719 645 2778 Vir
667 2725 765 2775 autem
787 2717 917 2784 Domini,
941 2718 979 2773 od
1001 2718 1058 2774 isto
1079 2717 1207 2790 repletus
1238 2718 1346 2790 gaudio
1368 2737 1486 2791 magno,

435 2809 585 2864 benedixit
607 2799 788 2865 Dominum
812 2825 897 2880 super
912 2807 1056 2863 ineffabili
1070 2807 1270 2863 misericordia
1292 2805 1326 2864 et
1348 2798 1488 2864 immen-

435 2891 534 2954 sitate
556 2889 681 2976 gratiae.
728 2888 839 2966 Vides,
861 2888 971 2966 lector,
1004 2888 1187 2954 orationem
1221 2888 1288 2952 viri
1320 2889 1486 2974 quendem

435 2991 615 3058 effractoris
637 2991 744 3056 vioem
778 2989 930 3055 intulisse
960 2989 1144 3055 oaelestibus
1179 2991 1292 3076 portis,
1316 2997 1351 3056 et
1381 3013 1487 3058 soora·

434 3098 585 3158 mentum
618 3098 734 3179 potens
772 3097 907 3178 peccate
943 3112 1142 3170 consumere,
1182 3091 1344 3158 debellare
1382 3093 1487 3159 series

434 3199 622 3280 potestates.
669 3193 766 3259 Hono
797 3193 875 3270 vim,
913 3192 1019 3258 dhesu
1056 3193 1150 3270 bone,
1173 3193 1224 3257 Tu
1263 3193 1329 3274 Qui
1363 3196 1487 3281 pateris

434 3295 514 3361 facis
536 3301 576 3360 ut
610 3296 771 3382 diripiant
804 3295 943 3360 violenti
967 3316 1106 3381 regnum
1129 3294 1247 3373 Tuum,
1270 3296 1364 3360 etin
1386 3298 1486 3364 seori·

434 3395 507 3462 fieio
539 3397 682 3483 eorporis
713 3395 777 3460 Tui
808 3395 982 3462 defunctus
1014 3396 1172 3474 obtineat,
1205 3396 1293 3482 quod
1328 3398 1485 3463 meritum

433 3499 641 3566 oonsoientiee
672 3519 739 3564 non
777 3498 933 3584 ognovit!
978 3507 1067 3563 Facto
1110 3503 1222 3563 eutem
1260 3526 1345 3564 mane
1382 3509 1616 3572 manliensem,

433 3599 581 3686 illisqui
610 3601 749 3668 oderant
780 3601 861 3686 quid
893 3621 987 3666 servo
1020 3600 1087 3666 Suo
1115 3601 1271 3687 dignatus
1308 3603 1354 3668 sit
1392 3601 1484 3669 Deus
1497 3580 1576 3642 ¹''³⁰·

433 3703 586 3770 reveles-e.

492 4019 663 4103 Qnemodo
685 4017 783 4104 apnd
805 4014 930 4102 Ripnn
948 4037 1012 4103 per
1034 4017 1268 4086 revelationem
1289 4019 1423 4088 devenit

534 4121 700 4188 Sanetwm
728 4119 926 4198 Wlstonane,
950 4119 1026 4206 (sie)
1050 4128 1111 4200 ete,
1134 4122 1177 4188 in
1194 4122 1369 4208 fenennae.

477 4309 628 4392 Quodam
659 4312 771 4373 autem
802 4312 961 4393 praeterea
995 4313 1142 4395 tempore
1175 4331 1250 4376 oum
1282 4313 1390 4378 exiret
1423 4335 1482 4400 per

430 4413 596 4480 dioecesim
619 4433 712 4476 susm
727 4410 775 4476 ad
795 4410 1051 4497 praedicendum,
1061 4411 1326 4500 faciendamque
1348 4415 1482 4482 vindri-
1494 4435 1655 4488 Paexlixr.

429 4522 502 4581 tana
519 4515 562 4579 in
576 4513 785 4590 nationibae,
801 4512 1050 4598 increpationes
1071 4514 1114 4580 in
1131 4516 1281 4602 papalis,
1298 4517 1480 4606 Evangelio

261 4644 362 4696 0swa1d
428 4618 574 4684 serviens
597 4617 683 4682 siout
706 4615 881 4682 eonstituit
895 4617 927 4682 ei
941 4615 1113 4694 Dominus,
1129 4619 1283 4704 pervenit
1304 4620 1347 4685 sd
1370 4619 1479 4687 locum

259 4711 332 4828 {iim
428 4721 487 4808 qui
517 4719 640 4807 Ripum
670 4719 800 4797 dieitur,
827 4727 877 4783 ubi
900 4729 1007 4784 Beatus
1029 4729 1175 4800 quondam
1199 4727 1363 4787 wilfridus
1380 4733 1479 4788 nobile
1491 4732 1613 4797 naama,

285 4793 351 4844 ΨΜ·
426 4825 625 4877 construxerat
639 4819 782 4892 templum
804 4819 835 4873 in
853 4835 909 4891 quo
925 4813 960 4874 et
979 4809 1120 4876 moriens
1143 4819 1206 4893 ipse
1221 4813 1348 4898 aceepit
1369 4813 1478 4898 sepul·
1491 4815 1516 4864 Ρ·
1529 4803 1571 4850 ³⁰·
