3606 5798
193 1147 220 1198 S.
232 1145 293 1198 Luc.

193 1213 247 1265 xxi.
262 1219 301 1264 lt.

301 2385 305 2394 '
361 2394 501 2460 quorum
546 2373 723 2461 praesentia
760 2372 927 2460 sapienter
963 2377 1142 2452 astruatur,
1179 2373 1208 2438 si
1253 2375 1303 2442 ita
1345 2376 1413 2442 fuit

579 853 623 934 ro
645 852 817 904 csmxrus
840 853 875 904 11.
899 853 1015 906 secur
1037 853 1195 906 ruesrru.
1349 841 1413 906 251

361 1063 404 1106 ne
441 1031 540 1126 super
576 1061 638 1130 nos
674 1041 849 1108 obvenerit
871 1041 962 1127 quod
998 1041 1072 1129 ipsa
1108 1041 1233 1109 veritas
1270 1041 1417 1110 clamat:

363 1141 559 1212 Tractentur
572 1141 650 1231 fittc'
679 1165 703 1210 o
731 1141 942 1231 pareatibus.
988 1143 1106 1232 Neque
1128 1165 1207 1211 vero
1241 1145 1416 1232 quisquam

361 1246 492 1334 sapiens
514 1252 550 1313 et
579 1244 759 1312 benevolus
777 1245 908 1333 justum
931 1266 1001 1312 esse
1023 1245 1177 1326 fateatur,
1200 1250 1241 1312 ut
1262 1247 1416 1335 quotiens

359 1350 403 1416 ab
426 1349 538 1438 aliquo
567 1349 655 1436 juris
676 1349 783 1416 nostri
804 1349 1010 1438 suffraganeo
1044 1370 1270 1438 provocamur,
1293 1351 1416 1418 totiens

361 1454 520 1521 Romanae
550 1452 733 1540 majestatis
756 1453 881 1521 curiam
911 1454 1073 1520 adeamus
1120 1453 1273 1541 Denique
1295 1456 1415 1522 saneti·

361 1555 443 1622 tatis
488 1560 523 1621 et
574 1554 717 1641 justitiae
762 1559 883 1622 vestrae
927 1554 1157 1622 celsitudinem
1202 1556 1416 1644 appellamus,

363 1657 522 1745 quatinus
560 1657 706 1724 eeclesiae
744 1662 868 1724 nostrae
905 1659 1065 1725 terminos
1104 1679 1187 1745 quos
1232 1665 1416 1745 posuerunt

363 1764 475 1846 patres
508 1760 613 1826 vestri
646 1759 758 1827 limma
790 1764 824 1825 et
856 1760 1004 1848 integros
1037 1759 1232 1840 observetis,
1255 1761 1415 1848 quatinus

362 1883 452 1928 more
484 1883 544 1928 suo
577 1861 713 1930 ecclesia
744 1860 993 1929 Cantuariensis
1027 1863 1131 1930 totius
1164 1863 1260 1930 bona
1294 1863 1413 1930 volun-

362 1964 443 2032 tatis
476 1969 597 2031 vestrae
629 1969 789 2051 sequatur
822 1965 999 2052 imperium
1033 1970 1068 2032 et
1091 1965 1256 2054 optimum
1289 1967 1413 2054 princi·

362 2072 486 2154 patum.
532 2065 629 2153 Quod
663 2067 691 2132 si
725 2066 821 2132 vobis
841 2066 936 2132 «utile
967 2087 1029 2134 neo
1061 2087 1236 2134 onerosum
1267 2069 1410 2150 videtur,
1423 2087 1465 2140 He
1517 2097 1586 2156 gesa

361 2168 500 2256 potestis
523 2173 558 2235 et
582 2168 710 2234 debetis
732 2170 774 2234 de
796 2167 1019 2237 cardinalibus
1050 2169 1179 2249 vestris,
1202 2175 1237 2236 et
1268 2171 1309 2237 de
1332 2103 1534 2274 Gdsthat'iiges

361 2272 481 2336 liarum
505 2271 665 2360 episcopis
698 2291 781 2356 quos
814 2269 987 2336 volueritis
1017 2271 1084 2338 huc
1117 2273 1351 2353 transmittere,
1374 2276 1410 2342 in
1423 2237 1572 2407 ξᾚιο

1455 2369 1469 2404 e
1549 2388 1560 2397 .

1425 2421 1481 2470 nala
1490 2425 1543 2474 and

361 2475 523 2561 primatus
546 2474 690 2542 ecclesia
705 2480 837 2550 nostra,
853 2475 940 2542 siout
961 2475 1133 2562 praelocuti
1156 2498 1278 2560 sumus,
1301 2499 1412 2558 necne,
1424 2487 1581 2564 mesenen

361 2577 415 2642 vel
453 2578 482 2642 si
515 2578 692 2664 quicquam
729 2578 875 2644 habeant
913 2577 1133 2645 Eboracenses
1170 2579 1260 2665 quod
1297 2554 1536 2647 commeatum

360 2680 433 2746 haec
463 2679 575 2746 omnia
597 2685 724 2748 certum
759 2680 893 2748 valeant
923 2680 1115 2768 approbare.
1161 2680 1288 2746 Iterum
1311 2687 1412 2768 atque

361 2783 483 2848 iterum
516 2783 724 2870 majestatem
759 2786 904 2848 vestram
927 2781 1143 2870 appellamus,
1165 2803 1207 2848 ne
1238 2783 1275 2848 in
1298 2783 1414 2850 diebus

360 2885 550 2951 novissimis
572 2889 695 2952 sanctae
719 2882 971 2950 Cantuariensis
993 2883 1138 2950 ecclesia
1160 2885 1281 2952 bomun
1304 2885 1414 2964 fidem,

359 2995 394 3055 et
417 3009 494 3075 erga
516 2988 614 3055 Beati
636 2987 727 3054 Petri
742 3007 904 3053 summam
921 2991 956 3053 et
970 2985 1112 3074 primam
1127 2987 1237 3053 sedem
1253 2988 1413 3076 optimam

360 3091 582 3158 obedientiam
605 3089 802 3177 despiciatis.

405 3193 526 3260 Valeat
559 3195 596 3260 in
634 3193 768 3260 Obn'sto
806 3191 968 3260 sanctitas
1004 3196 1125 3272 vestra,
1161 3191 1190 3260 O
1224 3192 1413 3260 beatissime
1481 3277 1483 3284 Ι

360 3317 448 3384 papa
471 3301 506 3362 et
527 3296 625 3363 unice
648 3295 784 3364 colende
806 3300 922 3381 pater!

403 3397 556 3486 Eaplc'cit
599 3395 742 3486 cpmtolc
787 3395 932 3484 Rudulfl
969 3393 1216 3484 archiepiscopi
1247 3403 1278 3464 et
1308 3395 1414 3466 totius

357 3501 495 3568 eccleciae
519 3498 782 3569 Cantaurianos
805 3497 937 3567 Oulieto
955 3521 1057 3588 popcc
1079 3497 1193 3566 misac.
