3530 5790
615 876 857 924 sncsslsrtors
880 877 924 924 OF
947 877 1051 924 rosit.
1299 859 1360 931 371

301 1195 406 1276 Quor
422 1212 572 1262 accurro
595 1195 741 1261 rauu1o¹
765 1195 962 1262 Tuscorum
995 1197 1210 1263 srrscoruu2
1233 1197 1362 1264 Seueri

477 1298 637 1362 Arruns
660 1314 706 1361 us
729 1297 855 1363 Scorm
878 1297 1184 1364 consternuntur.³

130 1479 220 1544 Hugh,
234 1496 258 1545 p.
346 1471 535 1528 Gousecratns
558 1464 669 1548 itaque
692 1463 792 1528 rediit
816 1473 987 1537 Eboracum,
1003 1473 1148 1528 adducens
1163 1492 1259 1530 secum
1277 1465 1359 1530 Olri-
1376 1459 1516 1536 9⁰¹¹⁵⁰⁰¹¹r

132 1550 187 1595 126.
301 1572 375 1616 cum
399 1561 574 1617 cardinalem
609 1563 732 1633 pallium
763 1561 947 1617 deferentem.
994 1561 1121 1634 Accepto
1145 1554 1248 1639 igitur
1271 1565 1359 1634 pallio
1372 1529 1471 1659 iffiggi

298 1650 528 1722 archiepiscopus
561 1651 679 1706 Missam
714 1651 879 1716 celebrarit,
910 1657 940 1706 et
974 1651 1145 1722 Turgotum,
1181 1654 1230 1723 qui
1265 1654 1359 1708 fuerat
1372 1659 1462 1724 biahop
1475 1663 1505 1710 of

297 1739 376 1809 prior
397 1739 600 1795 Dunelmensis
615 1740 754 1805 ecclesiae,
770 1742 936 1812 episcopum
953 1741 1052 1795 Sancti
1067 1741 1193 1797 Andreas
1210 1741 1245 1796 de
1262 1743 1358 1798 Scotia
1372 1725 1410 1838 Ξῖ·
1422 1729 1479 1776 An·

297 1835 439 1898 prasente
462 1829 603 1884 cardinali
626 1831 812 1884 consecravit.
860 1821 926 1900 Qui
956 1822 986 1883 ei
1018 1819 1250 1905 professionem
1280 1822 1357 1887 fecit
1391 1807 1460 1844 m

297 1915 332 1972 et
361 1909 517 1994 scriptam
551 1909 699 1985 tradidit,
729 1931 803 1994 quae
837 1911 884 1974 sic
915 1909 1053 1994 incipit:
1084 1911 1155 1995 Epo
1180 1909 1357 1995 Tarpeias,

297 2009 486 2076 Scottorum
506 2011 688 2097 episeopus,
712 2017 772 2076 etc

342 2109 527 2178 Cardinalis
564 2133 651 2189 vero,
689 2113 767 2177 licet
798 2133 923 2197 parum,
961 2112 995 2175 id
1033 2119 1084 2176 est
1121 2123 1213 2178 tribus
1245 2125 1355 2190 diebus,
1371 2115 1493 2194 ciminii

296 2213 475 2280 honorifice
509 2217 642 2280 tamen⁴
679 2236 753 2279 cum
785 2214 1027 2300 archiepiscopo
1062 2222 1289 2296 commoratus,
1322 2223 1357 2283 et
1371 2183 1501 2298 3220„

293 2325 379 2397 juxta
394 2327 561 2382 facultatem
576 2345 658 2381 suam
680 2317 852 2403 magnifice
876 2317 1025 2394 donatus
1049 2317 1225 2383 honorifice
1249 2326 1283 2384 et
1305 2341 1357 2385 ac·
1370 2315 1485 2431 mm

297 2425 409 2484 curate
441 2447 530 2500 usque
553 2429 590 2483 ad
612 2418 753 2482 fluvium
776 2427 911 2482 tronum
944 2425 995 2482 est
1017 2419 1179 2486 reductus.
1226 2430 1356 2503 Cumque
1370 2449 1446 2510 papiu

298 2521 554 2608 digrederentur,
575 2521 750 2586 cardinalis
774 2521 935 2586 invitavit
957 2521 1247 2608 archiepiscopum,
1270 2525 1356 2588 nihil
1370 2523 1510 2629 ⁰⁰¹¹J¹r²⁰ff

297 2623 363 2690 tale
387 2625 530 2688 veritum
543 2623 555 2658 ⁵
570 2623 623 2688 vel
645 2623 875 2708 suspicantem,
899 2633 1035 2703 quatinus
1051 2633 1168 2688 domiuo
1185 2653 1267 2705 papae
1284 2653 1355 2706 prae·
1369 2594 1485 2696 ididildt.
1503 2597 1525 2630 ιε

297 2724 420 2776 sentiam
436 2740 518 2776 suam
533 2721 690 2787 exhiberet,
715 2733 814 2798 supltt
836 2713 913 2776 hoc⁶
935 2722 1133 2776 satisfacturus
1156 2724 1233 2793 quod
1256 2731 1357 2779 contra

296 2816 437 2866 statutum
462 2813 543 2866 Beati
567 2811 710 2881 Gregorii,
734 2816 886 2865 utcontra
909 2813 1082 2866 seutentiam
1106 2811 1245 2868 Romanis
1268 2815 1356 2868 curiae

297 2901 440 2972 professus
466 2902 568 2956 suerat.
616 2890 681 2956 Sed
704 2913 778 2956 curn
795 2889 1058 2976 archiepiscopus
1074 2891 1109 2955 id
1133 2913 1166 2956 se
1190 2893 1258 2978 regi
1275 2921 1355 2958 man-

295 2990 364 3044 dare
387 2991 514 3054 dixisset,
538 2990 702 3054 cardinalis,
727 3003 784 3046 seu
807 3007 904 3044 amore
926 2991 1003 3058 regis
1033 3003 1089 3045 seu
1113 2992 1227 3056 timore,
1252 2993 1355 3046 invita·

295 3080 405 3134 tionem
428 3081 548 3134 remisit.

500 3333 596 3414 Quos
620 3336 821 3398 srrscoros⁷
844 3338 1148 3402 cousrousvurur.8

128 3537 205 3601 Idp.
220 3539 274 3589 127.
341 3521 408 3586 Iste
441 3520 581 3586 Thomas
612 3537 744 3584 sanctum
777 3531 872 3584 virum
908 3529 1089 3596 Michaelem,
1125 3543 1222 3606 quem
1260 3493 1354 3586 iiavid
1371 3533 1477 3598 Bishopa

296 3637 400 3684 comes,
425 3617 532 3691 postea
547 3637 596 3674 rex
622 3619 737 3684 Scotiae,
767 3607 1001 3695 Glesguensis⁹
1023 3610 1165 3675 ecclesia.
1187 3621 1353 3692 episcopum
1366 3615 1499 3731 ffifyffl*

295 3712 423 3788 statuit,
459 3715 493 3775 et
527 3711 590 3796 ipsi
622 3710 755 3775 Thomas
787 3710 1006 3774 ordinandum
1039 3721 1209 3784 nauminia,
1247 3711 1353 3776 eidem
1366 3733 1484 3783 rhomes.

296 3813 439 3879 ecclesiae
471 3813 658 3899 episcopum
690 3812 903 3888 consecravit,
935 3812 992 3896 qui
1025 3821 1198 3877 Ebomoensi
1224 3822 1351 3878 ecelesia

295 3908 330 3966 et
351 3912 565 3983 archiepiscopo
580 3910 699 3966 Thomas
723 3911 846 3986 suisque
869 3911 1077 3966 successoribus
1097 3912 1264 3966 canonicam
1287 3912 1351 3966 obe-

296 3999 435 4056 dientiam
458 3993 619 4073 profitendo
634 4001 771 4071 scriptam
794 3999 924 4066 tradidit,
949 4011 1023 4075 quae
1046 3991 1092 4055 sic
1114 3991 1251 4078 incipit:
1274 3992 1353 4075 Epo,

362 4145 454 4152 —---
467 4146 513 4151 ..—
633 4143 837 4151 -.-..-·.——--.--·-
848 4144 909 4149 -----
944 4144 951 4148 -
968 4143 1320 4152 ...ι-ο--ῄ--ηο---ψε

332 4227 450 4294 ¹pallio]
471 4227 583 4277 Thomas
595 4228 643 4276 ina.
655 4228 685 4276 B.
699 4227 732 4278 G.
883 4226 987 4292 ‘capra
1010 4224 1070 4292 doc]
1101 4243 1176 4292 suaper
1198 4227 1352 4290 hujusmodi,

331 4305 509 4374 πφίεεοριιιιι]
530 4304 756 4369 archiepiscopum,
765 4305 797 4354 A.
850 4308 881 4359 G.

331 4391 342 4424 ³
358 4387 555 4454 animaverit]
583 4387 747 4448 consecravit,
765 4387 798 4437 A.
883 4385 894 4421 ⁷
911 4385 1051 4450 episcopua]
1071 4385 1187 4436 Thomas
1201 4387 1219 4437 J
1221 4385 1295 4436 unior
1305 4390 1350 4438 ias.

299 4469 572 4614 B-ftffimm
592 4548 639 4596 ina.
659 4547 693 4596 A.
718 4548 747 4597 B.
769 4547 799 4599 C.
850 4469 894 4578 ΕΒ
911 4545 1105 4610 commoverit]
1126 4545 1350 4605 conscendatis

298 4633 331 4682 D.
343 4628 373 4678 F.
852 4637 1051 4690 consecraverat,
1063 4628 1097 4678 A.

332 4709 342 4740 ¹
359 4709 477 4776 ventum]
497 4707 622 4768 meritum,
634 4710 668 4758 Α.
681 4709 712 4758 Β.
724 4707 754 4760 C.
766 4705 799 4756 D.
884 4709 895 4741 ⁹
915 4705 1087 4772 Giarpaeaaia]
1110 4707 1282 4768 Glaucueuaia
1293 4709 1324 4758 B.

299 4791 331 4842 a.
343 4790 373 4840 F.
386 4790 432 4850 G.;
451 4788 598 4854 spicautam,
609 4789 643 4839 Ι).
654 4789 677 4838 F

1107 4882 1213 4944 ss2
