3586 5802
607 929 653 978 ΒΥ
676 927 778 978 HUGH
801 926 872 976 THE
894 925 1065 976 emron.
1179 923 1184 932 '
1291 911 1354 974 211

299 1112 388 1198 quod
411 1133 471 1178 rex
493 1113 534 1178 de
555 1113 709 1180 facienda
731 1113 931 1201 professione
961 1111 1016 1178 vel
1045 1109 1248 1196 subjectione
1271 1107 1358 1174 ulte·

298 1215 367 1281 rius
390 1237 466 1281 eum
488 1215 687 1302 angariaret,
710 1216 768 1282 sed
790 1221 900 1282 totum
919 1212 1047 1300 judicio
1070 1211 1124 1280 vel
1146 1209 1356 1298 dispositioni

299 1318 386 1383 sedis
407 1318 609 1405 Apostolicae
643 1324 835 1385 reservaret.
881 1317 1059 1384 Mandavit
1090 1316 1121 1381 ei
1153 1319 1266 1381 tamen
1296 1319 1497 1400 pertheking

299 1420 466 1508 episcopos
497 1426 533 1487 et
563 1441 721 1508 proceres,
745 1421 902 1507 quatinus
935 1419 1087 1487 eeclesias
1120 1418 1167 1484 sic
1201 1438 1270 1482 esse
1304 1416 1355 1480 di·
1367 1387 1425 1502 ἓξὲξ
1430 1387 1504 1504 ἓξ,

300 1524 450 1590 mitteret
480 1524 567 1592 sicut
601 1523 664 1589 sub
697 1528 792 1610 patre
827 1543 886 1589 suo
929 1521 1079 1603 fuerant5
1116 1519 1264 1606 alioquin
1294 1537 1355 1585 nec
1366 1519 1411 1570 the
1423 1525 1525 1597 contro·

299 1623 495 1693 fidelitatem
518 1647 618 1712 quam
651 1625 682 1692 ei
700 1625 875 1711 juraverat
899 1624 983 1690 bene
1006 1627 1161 1701 servaret,
1184 1627 1219 1688 et
1241 1620 1354 1688 odium
1367 1594 1513 1704 ffiffl

301 1725 372 1812 ejus
395 1749 523 1816 semper
544 1727 689 1794 haberet.
735 1725 807 1804 Ille,
831 1726 924 1812 prius
950 1727 992 1792 de
1014 1725 1158 1812 perjurio
1182 1730 1216 1790 et
1238 1719 1474 1836 infide-fffhefh

300 1828 396 1894 litate
419 1852 453 1895 ae
487 1851 658 1908 excusans,
681 1827 770 1894 dixit
801 1849 836 1894 ae
866 1831 1036 1916 gratanter
1067 1827 1234 1893 dimittere
1256 1825 1356 1892 eccle-
1400 1801 1439 1852 μ’

302 1931 388 1996 sias1
411 1933 459 1999 sic
480 1937 577 2012 stare,
600 1933 686 2000 sicut
720 1932 782 1998 sub
814 1936 909 2018 patre
942 1951 1011 2009 suo,
1033 1929 1179 1996 Aldredo
1211 1930 1357 2006 vivente,

302 2031 420 2099 ultimo
443 2035 708 2122 Angligenarum
744 2032 945 2100 Eboracensi
974 2031 1227 2118 archiepiscopo,
1258 2035 1358 2097 stete·

301 2141 386 2202 rant.
432 2137 493 2201 Ait
524 2137 598 2203 ille:
629 2137 879 2223 “Nequaquam
892 2133 927 2215 ;’'
958 2135 1016 2200 sed
1038 2138 1130 2200 statu
1164 2155 1229 2220 quo
1263 2139 1358 2220 pater

302 2235 372 2320 ejus
404 2237 478 2303 illas
510 2237 695 2324 reliquerat.
765 2237 810 2304 Et
841 2236 918 2302 ille:
956 2243 974 2274 “
992 2235 1071 2302 Non
1101 2255 1236 2322 possum
1267 2234 1356 2313 hoc,'’
1369 2224 1510 2289 'mm'

302 2339 421 2424 inquit,
445 2338 538 2405 “nisi
561 2329 773 2428 privilegium
796 2360 908 2405 meum
939 2337 1146 2416 destruendo,
1169 2337 1295 2405 facere:
1322 2299 1501 2408 etppttpgreo

303 2447 320 2475 “
342 2440 386 2506 ad
408 2440 470 2508 boe
502 2445 641 2527 uterque
675 2441 939 2528 archiepiscopus
961 2439 1072 2506 vocati
1105 2445 1226 2518 sumus,
1249 2445 1289 2506 ut
1320 2429 1454 2504 interme.

305 2549 320 2576 “
344 2542 515 2610 audientia
537 2543 663 2610 domini
695 2565 791 2630 papae
823 2542 992 2609 contentio
1025 2547 1140 2609 nostra
1161 2543 1247 2608 sedis
1269 2543 1359 2629 Apo·

305 2651 322 2678 “
344 2643 468 2712 stolicae
502 2645 630 2731 judicio
667 2644 894 2712 terminetur?
955 2643 1079 2710 Praeter
1103 2645 1295 2731 aequitatem
1327 2649 1362 2710 et

305 2747 577 2812 consuetudinem
599 2747 665 2812 fuit
687 2753 727 2814 ut
757 2768 818 2834 pro
852 2767 953 2814 causa
983 2767 1050 2832 qua
1071 2747 1115 2813 ad
1137 2745 1363 2833 Apostolicam

303 2848 413 2914 sedem
436 2848 610 2936 quisquam
626 2854 762 2918 vocatus
777 2850 825 2918 sic
847 2854 1059 2928 coarteretur,
1075 2869 1136 2916 nec
1157 2848 1292 2914 demum
1315 2853 1364 2926 ut,

306 2973 365 3036 pro
402 2951 519 3017 eadem
549 2972 649 3019 causa
679 2957 825 3032 vocatus,
859 2973 970 3040 regem
1001 2952 1050 3020 sic
1080 2951 1184 3018 alium
1218 2958 1365 3020 coartare

305 3051 524 3140 compulisset.

353 3155 518 3236 Quoniam
541 3155 588 3221 sic
610 3155 700 3222 inter
730 3157 994 3244 archiepiscopos
1028 3176 1096 3242 pax
1129 3155 1272 3221 stabiliri
1295 3161 1534 3226 nonAeroe0⁵²l

307 3263 447 3344 poterat,
469 3257 537 3325 alia
558 3257 616 3324 via
638 3279 697 3344 per
728 3280 840 3346 regem
874 3264 909 3325 et
942 3257 1024 3324 alios
1055 3258 1253 3325 mediatores
1274 3228 1519 3360 cogi-{‚¹}{¹1⁸„}},²f.f,⁰s

309 3365 381 3427 tata
408 3364 468 3438 est,
491 3366 532 3427 ut
562 3359 814 3427 Oantuariensis
837 3360 1102 3447 archiepiscopus
1125 3360 1166 3426 de
1188 3359 1362 3448 provincia
1374 3361 1513 3480 scubjcctpo

309 3483 370 3530 sua
390 3483 512 3549 magna
542 3460 741 3529 Eboracensi
774 3462 1019 3549 archiepiscopo
1050 3465 1118 3528 tres
1152 3463 1362 3550 episcopatus
1374 3435 1469 3546 ,ffi
1478 3442 1535 3544 ἐξ]

236 3631 241 3638 ,
308 3565 508 3641 concederet,
532 3561 748 3644 cestrensem,
771 3563 1025 3652 Bangorensem,
1048 3569 1083 3630 et
1113 3563 1251 3631 tertium
1274 3565 1362 3632 inter
1375 3562 1493 3612 oedfflw

309 3665 369 3731 hos
392 3664 475 3732 duos
497 3665 643 3732 medium
677 3666 736 3732 aad
768 3687 827 3752 pro
849 3667 1010 3732 vastitate
1044 3671 1079 3731 et
1108 3665 1259 3733 barbarie
1293 3628 1506 3753 epi-{ffii’ffie

310 3787 407 3854 scopo
429 3773 624 3848 vacantem3
654 3767 718 3835 hac
750 3768 883 3854 quidem
914 3767 1135 3836 conventione
1169 3770 1258 3854 quod
1280 3759 1485 3834 fficisputc.

313 3869 449 3957 [atinus]
480 3869 744 3957 archiepiscopus
775 3869 1049 3937 cantuariensem
1082 3869 1365 3958 archiepiscopum

311 3972 380 4039 solo
402 3971 504 4039 verbo
533 3972 570 4037 in
600 3972 776 4058 primatem
806 3973 995 4059 smciperet,
1024 3993 1223 4041 successores
1253 3978 1366 4041 autem

311 4073 381 4160 ejus
405 4073 698 4142 Cantumiensibus
721 4073 942 4140 obedientiam
965 4096 1023 4142 seu
1045 4076 1264 4144 reverentiam
1287 4095 1368 4162 qua·

312 4175 354 4242 lis
375 4177 511 4262 primati
534 4175 675 4243 debetur
697 4197 799 4242 manu
830 4176 867 4240 in
897 4195 1034 4244 manum
1065 4177 1308 4264 promitterent,
1331 4177 1368 4242 in

312 4277 537 4346 misericordia
567 4278 702 4364 quidem
737 4283 772 4344 et
793 4277 968 4344 voluntate
1001 4277 1127 4346 domini
1149 4301 1253 4367 papae.
1293 4279 1368 4347 Hoc

312 4385 425 4446 autem
462 4379 598 4448 oonsilio
644 4379 759 4458 multo,
797 4380 1067 4466 persuasionibus
1103 4382 1265 4468 plurimis,
1308 4403 1369 4469 pro

312 4503 391 4569 pace
414 4487 449 4549 et
471 4483 583 4568 quiete
616 4480 837 4561 missionibus,
859 4501 937 4569 rege
973 4502 1103 4569 quoque
1135 4489 1170 4550 et
1192 4484 1303 4572 legato
1325 4483 1369 4551 ad

312 4585 375 4654 boc
397 4585 520 4652 obnixe
550 4584 788 4664 laborantibus,
812 4585 871 4650 vix
905 4583 949 4652 ab
980 4588 1122 4672 utroque
1155 4587 1289 4657 concedi
1312 4608 1370 4653 ex-

651 4839 658 4872 ¹
677 4837 809 4905 ecclesiae]
830 4837 972 4901 ecclesiam,
983 4839 1041 4892 tis.

1169 4931 1235 4997 02
