3530 5790
392 881 457 945 352
740 895 940 945 carcarem
962 895 1006 946 or
1028 897 1098 945 rna

391 1081 550 1160 substitit,
574 1088 609 1148 et
631 1083 728 1149 cum¹
750 1083 868 1150 baculo
891 1083 1082 1171 pontificali,
1105 1087 1191 1152 stola
1212 1087 1441 1166 circumdatus,

391 1183 440 1248 nil
476 1186 601 1250 veritus
632 1186 840 1271 majestatem
877 1187 1012 1273 regiam,
1049 1207 1157 1273 nequo
1195 1188 1442 1254 assistentium²

392 1287 580 1373 principum
617 1290 828 1374 proterviam,
860 1311 936 1354 eum
974 1289 1098 1354 talibus
1133 1291 1244 1356 verbis
1280 1291 1441 1356 allocutus

392 1395 461 1454 est:
491 1391 636 1468 “Audi''
660 1392 780 1477 inquit,
815 1379 1008 1457 “Willelme
1031 1414 1099 1470 rex,
1121 1413 1197 1460 eum
1220 1415 1305 1458 esses
1328 1394 1440 1458 alieni·

393 1500 409 1525 “
432 1512 524 1576 gena,
548 1499 591 1571 et,
606 1494 677 1558 Deo
692 1495 906 1579 permittente
922 1499 1109 1579 nostraeque
1124 1497 1234 1582 gentis
1256 1497 1441 1582 superbiam

393 1601 408 1626 “
434 1595 600 1678 puniente,
634 1617 772 1680 regnum
806 1595 1000 1671 Britanniae,
1035 1597 1188 1682 quamvis
1224 1599 1331 1663 multo
1368 1619 1440 1662 cum

392 1703 409 1728 “
433 1696 601 1782 sanguine,
634 1697 842 1774 obtinuisses,
877 1719 937 1782 ego
972 1703 1006 1761 te
1038 1697 1074 1761 in
1106 1720 1216 1785 regem
1247 1702 1440 1776 consecravi,

392 1805 408 1831 “
434 1803 468 1861 et
501 1818 653 1864 coronam
691 1798 792 1884 capiti
828 1804 887 1863 tuo
919 1819 994 1863 cum
1029 1799 1258 1866 benedictione
1291 1801 1440 1887 imposui.

394 1907 408 1932 “
434 1900 533 1966 Nunc
569 1907 690 1978 autem,
721 1902 800 1987 quia
838 1901 887 1964 ita
924 1900 1085 1978 meruisti,
1117 1922 1177 1988 pro
1215 1902 1441 1968 benedictione

393 2009 408 2034 “
433 2001 696 2068 maledictionem
719 2003 782 2068 tibi
805 2003 982 2088 imponam,
1005 2005 1091 2070 sicut
1114 2004 1256 2070 ecclesiae
1284 2003 1348 2070 Dei
1370 2027 1441 2091 per·

392 2112 408 2137 “
432 2105 581 2182 secutori,
605 2111 639 2170 et
671 2105 898 2169 ministrorum
922 2105 1003 2190 Ejus
1024 2107 1216 2192 oppressori,
1240 2113 1275 2172 et
1305 2108 1441 2193 promis-

393 2213 411 2238 “
435 2194 588 2270 sionum³
609 2213 709 2292 atque
727 2207 993 2292 juramentorum
1009 2229 1085 2293 quae
1108 2209 1191 2273 mihi
1207 2229 1315 2274 eoram
1338 2210 1442 2275 altare

392 2317 408 2342 “
434 2309 548 2374 Sancti
583 2309 674 2374 Petri
702 2309 826 2394 jurasti
859 2309 1120 2395 transgressori.”
1165 2311 1219 2375 Ad
1250 2311 1322 2378 haec
1343 2311 1443 2377 verba

392 2432 451 2473 rex
474 2409 686 2475 tremefactus
708 2410 851 2496 procidit
872 2411 915 2476 ad
938 2411 1037 2496 pedes
1060 2413 1140 2497 ejus,
1163 2413 1334 2479 humiliter
1356 2413 1442 2480 effla

392 2512 527 2597 gitans,⁴
550 2517 590 2577 ut
612 2513 649 2576 in
671 2533 737 2598 quo
768 2519 838 2578 tam
869 2533 1004 2598 gravem
1037 2514 1213 2578 meruisset
1244 2516 1441 2580 sententiam

392 2616 543 2700 aperiret.
590 2615 656 2695 Qui
679 2635 758 2680 vero
780 2615 981 2680 assistebant
1004 2615 1073 2701 regi
1108 2617 1268 2702 primates
1291 2618 1384 2703 regni
1407 2617 1442 2682 in

392 2718 674 2804 archiepiscopum
706 2716 893 2794 frementes,
916 2717 1080 2803 minisque
1112 2723 1148 2784 et
1181 2717 1362 2784 terroribus
1384 2720 1442 2784 ad·
1506 2755 1508 2758 ·

393 2843 506 2885 versus
530 2841 605 2886 eum
628 2820 846 2906 insurgentes,
862 2821 972 2904 ipsum
995 2819 1114 2886 merito
1138 2820 1303 2886 demedio
1326 2822 1443 2887 debere

392 2923 474 3001 tolli,
497 2922 552 2988 vel
574 2923 610 2986 in
642 2922 780 2987 exilium
804 2927 900 2987 extra
932 2941 1072 3006 regnum
1104 2922 1235 3010 expelli,
1258 2919 1315 3009 qui
1350 2929 1444 2990 tanto

393 3024 460 3107 regi
494 3028 624 3090 tantam
663 3023 821 3108 injuriam
853 3021 1071 3107 irrogavisset,
1103 3023 1267 3110 urgebant
1300 3045 1375 3090 eum
1405 3030 1445 3089 ut

393 3147 503 3210 regem
526 3147 625 3212 quam
648 3127 748 3193 citius
771 3126 919 3211 erigeret
965 3123 1028 3190 Ille
1051 3145 1132 3191 vero
1154 3127 1245 3192 nou⁵
1267 3127 1368 3192 minis
1390 3127 1445 3192 vel

392 3227 572 3292 terroribus
594 3229 749 3306 territus3
771 3225 935 3303 “Sinite”
958 3225 1080 3310 inquit,
1115 3227 1224 3293 “boni
1247 3229 1321 3306 viri,
1344 3229 1444 3294 sinite

394 3336 410 3363 “
434 3329 528 3393 illum
548 3329 677 3413 jacere;
699 3350 767 3393 non
790 3329 879 3393 euim
897 3327 989 3411 jacet
1011 3327 1055 3392 ad
1086 3328 1186 3414 pedes
1210 3327 1355 3406 Aldredi,
1386 3331 1444 3395 sed

394 3437 410 3465 “
429 3431 519 3516 jacet
540 3432 584 3496 ad
606 3432 705 3517 pedes
722 3430 822 3495 Petri.
861 3430 971 3495 Debet
987 3431 1129 3515 experiri
1146 3431 1236 3496 Petri
1251 3433 1445 3517 potentiam,

393 3541 409 3567 “
434 3533 574 3618 quinon
597 3539 647 3597 eet
670 3530 811 3596 veritus⁶
834 3532 957 3596 vicario
981 3533 1070 3596 Petri
1094 3534 1238 3618 irrogare
1261 3534 1444 3619 injuriam.”

394 3633 544 3718 Cumque
568 3653 623 3698 eos
657 3633 855 3698 auctoritate
878 3632 1061 3718 pontificali
1084 3633 1298 3722 repressisset,
1328 3655 1445 3720 appre-

245 3729 265 3761 ¹³
277 3728 307 3761 ⁰⁰
334 3737 345 3752 “
393 3735 497 3799 hensa
519 3736 656 3800 dextera
670 3734 757 3820 regis
773 3735 880 3799 erexit
895 3755 979 3812 eum,
995 3734 1224 3820 adventusque
1239 3737 1291 3800 sui
1314 3757 1445 3802 oaumrn

393 3843 427 3900 et
449 3858 518 3900 rem
541 3836 571 3900 ei
594 3857 637 3900 ex
672 3835 787 3900 ordine
809 3835 936 3920 pandit
984 3835 1081 3914 Quod
1103 3857 1164 3900 rex*
1183 3838 1331 3922 graviter
1361 3839 1444 3903 acci·

392 3938 495 4024 piens,
518 3943 553 4003 et
575 3937 809 4004 conscientiam
843 3957 937 4002 suam
969 3935 1142 4002 humiliter
1178 3960 1445 4016 excusanscum

392 4041 543 4126 precibus
566 4041 750 4106 astantium
784 4060 954 4125 procerum
989 4039 1097 4125 petiit,
1120 4045 1161 4104 ut
1182 4041 1447 4106 maledictionem

394 4165 492 4228 quam
516 4143 547 4208 ei
570 4143 791 4208 comminatus
814 4141 924 4206 fuerat
946 4142 983 4205 in
1005 4141 1269 4207 benedictionem
1301 4163 1446 4230 commu-

393 4249 487 4309 taret.
536 4243 631 4324 Quod
654 4266 729 4310 cum
753 4243 795 4308 ed
826 4242 961 4307 libitum
995 4243 1082 4328 regis
1113 4243 1238 4309 factum
1270 4250 1364 4322 esset,
1387 4267 1448 4311 rex

426 4467 433 4500 ¹
452 4466 518 4531 cum]
539 4481 588 4518 om.
600 4467 632 4518 G.
975 4465 985 4497 ⁴
1003 4465 1159 4533 efflagitans]
1180 4467 1337 4532 efflagitatus,
1349 4470 1381 4520 G.

425 4545 435 4578 ²
453 4544 632 4609 metientium]
654 4544 799 4604 astantium,
820 4545 854 4594 A.
866 4545 897 4595 B.
976 4545 986 4577 ⁶
1004 4560 1052 4594 noa
1071 4581 1077 4595 .
1096 4581 1102 4594 .
1122 4583 1128 4595 .
1146 4545 1198 4612 val]
1213 4563 1260 4598 nec
1278 4583 1284 4596 .
1303 4584 1310 4598 .
1328 4563 1403 4611 .nec,
1416 4550 1448 4601 G.

393 4624 420 4675 Ο,
434 4624 466 4674 D.
479 4623 510 4672 Ε.
523 4623 552 4671 F.
567 4624 599 4674 G.
976 4621 987 4654 ⁶
1004 4624 1109 4689 unitur]
1129 4625 1208 4676 emoti
1219 4628 1266 4676 itu.
1278 4628 1309 4676 B.
1323 4627 1355 4679 G.

425 4705 436 4737 ³
449 4701 651 4770 promissionum]
671 4701 727 4766 eina
739 4702 785 4752 ins.
800 4703 831 4753 G.
