3410 5840
400 881 463 944 542
817 893 1001 942 arrasum.

443 1080 661 1165 Omnipotens
694 1085 728 1145 et
765 1079 947 1146 misericors
974 1079 1074 1156 Deus,
1098 1079 1164 1160 Qui
1197 1079 1332 1165 gloriosi
1365 1079 1451 1145 Con·

396 1183 527 1246 sessoris
550 1182 613 1246 Tui
637 1179 795 1246 Willelmi
818 1203 935 1268 corpus
958 1183 994 1246 in
1024 1183 1091 1246 imo
1121 1181 1328 1246 reconditum
1350 1181 1449 1266 digna

396 1284 629 1350 sublimatione
665 1284 867 1360 monstrasti,
901 1284 1040 1350 concede
1072 1285 1167 1348 nobis
1201 1283 1447 1348 translationem

397 1386 467 1472 ejus
499 1384 740 1450 celebrantibus
771 1385 814 1449 ab
846 1381 909 1452 hac
940 1384 1026 1449 valle
1059 1385 1199 1450 miseriae
1233 1385 1277 1450 ad
1309 1385 1449 1450 caelestia

396 1487 573 1552 transferri.
619 1487 681 1552 Per
704 1487 886 1552 Dominum
908 1493 1058 1552 nostrum
1080 1485 1213 1564 Filium,
1236 1492 1295 1553 eta

228 1685 376 1800 'jffiem
442 1693 494 1756 43.
519 1689 603 1755 Duae
626 1691 779 1755 mulieres
808 1696 970 1756 accusatas
1004 1713 1102 1776 super
1133 1689 1311 1756 homicidio
1345 1694 1447 1774 capt-e

229 1817 339 1880 charged
396 1793 534 1856 luerunt
555 1792 1026 1858 secundumconsuetudinem
1048 1793 1143 1878 regni
1166 1797 1201 1855 et
1222 1791 1449 1868 incarcerate;

229 1882 292 1997 {ij
305 1883 537 1998 h‘gjequarum
564 1895 670 1960 altera
703 1915 856 1979 processu
888 1895 1045 1980 temporis
1079 1894 1226 1959 naturali
1258 1900 1363 1959 morte
1394 1894 1449 1956 de·

227 2014 318 2090 ⁴1i9⁵i¹¹
398 1997 521 2074 functa,
543 1997 671 2081 reliqua
693 1995 813 2060 mulier
835 1997 915 2059 viva
937 1996 974 2059 in
996 2016 1121 2060 carcere
1152 1997 1319 2062 remansit.
1365 1995 1447 2058 Tan·

229 2095 324 2144 prison.
398 2098 472 2162 dem
496 2099 532 2160 in
554 2099 702 2164 adventu
727 2097 988 2184 justitiariorum
1022 2098 1148 2162 domini
1183 2099 1269 2183 regis
1291 2098 1450 2184 producta

228 2197 368 2328 lghgbfltglssff
397 2208 432 2265 et
454 2207 606 2266 accusata
636 2201 702 2264 fuit
735 2221 832 2286 super
866 2199 955 2265 dicto
988 2198 1172 2265 homicidio.
1220 2201 1266 2264 Et
1297 2221 1371 2266 cum
1393 2222 1449 2264 ne-

228 2337 255 2377 to
267 2345 341 2393 carry
397 2311 491 2391 garet
513 2328 546 2368 se
581 2305 770 2370 interfuisse
801 2303 852 2368 illi
866 2303 1070 2381 ‘homicidia
1093 2304 1284 2390 adjudicata
1317 2303 1382 2368 fuit
1416 2309 1449 2367 et

228 2395 328 2509 jjgnlffl
397 2407 550 2493 purgatio
573 2407 650 2472 ferri
674 2406 853 2482 candentis
869 2405 1049 2473 secundum
1065 2405 1336 2472 consuetudinem
1358 2406 1449 2490 regni

397 2531 471 2596 ques
509 2516 590 2575 tunc
626 2509 703 2586 fuit,
742 2513 781 2572 ut
818 2512 992 2593 appareret
1024 2512 1138 2571 utrum
1173 2511 1259 2572 esset
1291 2528 1348 2572 rea
1380 2508 1449 2592 ejus

228 2611 263 2726 il
266 2612 386 2726 ergeuing
397 2612 568 2678 homicidii
591 2611 645 2676 vel
668 2631 742 2676 non
791 2610 888 2691 Quod
911 2629 987 2674 cum
1010 2609 1151 2687 tulisset,
1167 2614 1299 2710 reperta
1320 2608 1388 2674 fuit
1413 2611 1449 2672 in

229 2709 369 2794 walnuton
398 2734 498 2778 manu
521 2713 668 2778 mulieris
691 2711 800 2778 vesica
823 2710 975 2796 quaedam
1009 2710 1052 2774 ad
1084 2711 1308 2794 quantitatem
1329 2709 1450 2774 medie-

229 2808 363 2870 bernano,
397 2817 477 2881 tatis
515 2815 614 2879 unius
648 2813 828 2900 juglandis,
866 2833 967 2898 quare
1012 2810 1078 2876 fuit
1122 2811 1315 2898 adjudicata
1351 2813 1450 2876 morti

230 2876 371 2926 andsheis
467 2917 487 2931 .,
917 2913 969 2928 ..
1394 2913 1401 2926 .
1440 2913 1448 2926 .

229 2943 365 2991 serronem
397 2939 418 2982 a
440 2939 498 2982 xn.
522 2916 686 2980 mrlrtrbus
709 2915 752 2980 ad
785 2914 847 2978 hoc
881 2933 998 2990 mlssls,
1021 2918 1180 2997 tanquam
1215 2933 1272 2991 rea
1302 2913 1450 2998 praedrctr

228 3010 324 3122 ffijffed
397 3020 576 3097 homicidii,
600 3025 634 3084 et
657 3017 727 3105 igni
758 3016 1002 3082 concremanda.
1049 3014 1131 3094 Quae
1154 3017 1235 3080 dum
1257 3013 1450 3080 nuntiaren-

230 3161 287 3212 Tho
328 3112 332 3123 '
397 3129 453 3186 tur
472 3121 665 3206 justitiariis
682 3119 929 3204 principalibus
946 3118 1036 3182 dicta
1058 3117 1177 3182 mulier
1200 3123 1336 3182 extenta
1350 3118 1450 3183 licen-

231 3229 344 3304 sselling
397 3225 445 3289 tia
468 3222 584 3286 orandi
608 3223 744 3287 accessit
766 3220 810 3284 ad
833 3220 983 3284 tumbam
1008 3219 1104 3284 Beati
1119 3217 1287 3284 Willehni.
1326 3219 1448 3286 Statim

228 3295 377 3410 jjsffipuus
397 3330 436 3387 ut
459 3324 600 3388 intravit
623 3323 818 3397 clausuram,
842 3341 917 3406 quae
941 3326 991 3384 est
1014 3320 1099 3385 cir'ca
1129 3321 1289 3398 tumbam,
1313 3323 1450 3386 evanuit

229 3429 298 3475 101¹¹b
311 3429 339 3503 of
398 3426 512 3503 vesica,
545 3426 595 3490 ita
627 3425 714 3510 quod
745 3423 875 3488 nullum
906 3422 1083 3507 vestigium
1106 3443 1137 3486 v.
1184 3473 1191 3488 .
1238 3463 1247 3488 ‚,
1291 3473 1297 3489 .
1343 3425 1451 3490 vesica

228 3492 342 3606 lsjjjjvss'
398 3528 563 3592 remansit.
611 3527 684 3606 Quo
716 3526 803 3590 facto
838 3525 1009 3589 nuntiato.
1022 3523 1224 3607 justitiariis,
1255 3524 1347 3589 missi
1380 3525 1449 3589 fue-

397 3636 477 3694 runt
499 3630 557 3694 xii.
580 3629 702 3693 milites
725 3629 768 3692 ad
790 3647 925 3692 manum
960 3625 1063 3711 ipsius
1098 3625 1245 3689 mulieris
1276 3626 1450 3712 inspicien-

398 3732 496 3810 da1n;
521 3753 593 3815 quae
620 3752 694 3794 cum
710 3733 883 3814 appareret
899 3727 969 3791 sine
991 3727 1082 3791 omni
1104 3727 1237 3792 laesione
1260 3732 1295 3792 et
1309 3727 1449 3814 vestigio

398 3834 495 3898 <lictae
519 3834 644 3911 vesicae,
669 3837 703 3896 et
737 3829 915 3915 cujuslibet
949 3829 1034 3894 alius
1067 3827 1280 3906 infirmitatis,
1304 3837 1449 3916 reporta-

398 3941 520 4000 verunt
556 3935 619 3999 hoc
651 3932 846 4017 justitiariis
891 3930 1060 4016 praedictis
1094 3931 1343 4016 principalibus,
1381 3933 1448 4017 qui,

398 4037 535 4102 candem
569 4035 740 4100 mulierem
774 4033 961 4099 absolutam
993 4038 1028 4098 et
1050 4033 1223 4098 innoxiam
1253 4033 1448 4119 judicantes,

397 4139 593 4203 dimiscrrmt
616 4136 762 4212 liberam,
778 4135 944 4200 dicentes:
968 4135 1051 4198 “Ex
1074 4155 1139 4218 quo
1154 4133 1245 4200 Deus
1267 4140 1303 4199 et
1325 4134 1448 4200 Beatus

395 4247 413 4273 “
436 4238 651 4324 [Willelmus]
676 4237 897 4312 absolverunt,
921 4235 1002 4300 item
1025 4234 1179 4300 nolumus
1203 4257 1275 4300 earn
1296 4237 1447 4302 condem·

395 4349 412 4374 “
434 4362 513 4406 nara
526 4365 533 4420 3
546 4340 562 4365 ’⁹
595 4346 629 4406 ct
653 4340 757 4406 dictos
791 4339 923 4414 milites,
948 4337 1006 4423 qui
1039 4359 1113 4402 cam
1136 4337 1447 4414 condemnaverunt,

394 4444 430 4505 in
452 4443 675 4508 misericordia
698 4441 824 4507 domini
850 4440 936 4526 regis
964 4438 1202 4524 adjudicantes,
1226 4441 1305 4524 quia
1328 4442 1446 4506 falsum

393 4543 631 4628 perhibuerunt
665 4543 901 4619 testimonium,
928 4548 963 4606 et
994 4541 1148 4626 iniquum
1177 4541 1340 4625 judicium
1365 4543 1447 4610 tule-

393 4650 480 4712 runt.
529 4645 612 4725 Quae
643 4669 722 4712 vcro
752 4646 875 4711 ferrum
907 4645 1050 4711 candens
1084 4645 1232 4729 portavit
1254 4645 1291 4708 in
1314 4645 1448 4716 ecelesia

393 4746 572 4812 cathedrali
597 4747 792 4813 Eboracensi
815 4767 923 4812 eoram
947 4745 1049 4811 altare
1073 4745 1168 4810 Beati
1194 4745 1384 4826 blichaelis3
1414 4755 1448 4816 et
