3454 5816
58 1775 105 1825 ef.
118 1779 213 1839 pade.

508 919 551 966 or
573 919 644 968 rsa
667 919 812 968 caunos
836 920 879 969 or
904 917 1007 970 rous.
1218 905 1291 968 409

237 1103 344 1180 batur,
367 1101 476 1170 sieut¹
499 1102 636 1168 auribus
659 1102 740 1170 dicti
772 1101 877 1188 patris
901 1099 1051 1186 Gregorii
1074 1099 1232 1178 insonuit,
1255 1106 1290 1166 et

236 1203 275 1272 in
310 1205 424 1270 eadem
462 1205 573 1270 sedem
618 1203 907 1290 metropolitanam
938 1203 1008 1268 fore
1054 1204 1184 1268 censuit
1218 1226 1289 1270 esse

236 1305 383 1390 dignum,
406 1305 484 1371 lieet
505 1306 603 1372 aliter
637 1305 678 1372 de
711 1305 787 1370 sede
820 1303 1053 1372 Cantuariensi
1075 1309 1189 1390 postea
1211 1327 1288 1372 con-

236 1408 373 1494 tigisset,
397 1407 578 1473 venerabili
601 1408 676 1474 sede
700 1407 954 1492 metropolitana
985 1405 1180 1472 Eboracensi
1204 1429 1287 1471 sern-

235 1531 294 1596 per
315 1511 411 1576 firma
433 1517 467 1576 et
489 1509 602 1578 stabili
625 1510 660 1576 in
683 1531 744 1578 sua
757 1509 863 1596 gloria
885 1515 1098 1596 permanente
1116 1514 1155 1573 ut
1177 1510 1212 1574 in
1235 1509 1287 1574 his

234 1611 384 1678 versibus
407 1610 603 1678 continetur.

366 1771 546 1830 “Deficiunt
568 1772 709 1844 reliquas:
733 1771 828 1844 primo
851 1770 1029 1828 frustrantur
1051 1770 1180 1836 honore;

412 1863 428 1888 “
449 1861 506 1918 Ast
528 1863 717 1918 Eboracensis
740 1861 801 1916 sola
823 1865 923 1916 manet
945 1851 1085 1916 stabilis.”

510 2091 564 2158 Da
586 2105 825 2156 onnnmuons
847 2087 1007 2158 Pauanu.

277 2243 447 2330 Siquidem
470 2265 557 2309 anno
573 2241 754 2308 Dominiese
771 2241 1013 2308 incarnationis
1037 2259 1182 2312 Dcxxv0.
1199 2267 1282 2334 pree-
1296 2262 1404 2314 triusion
1415 2265 1445 2315 or

231 2346 320 2411 fatus
353 2345 511 2410 Paulinus
545 2345 807 2431 archiepiscopus
840 2345 1054 2410 Eboracensis
1077 2355 1283 2415 consecratus
1297 2330 1428 2380 Paulinus.

231 2454 324 2514 esta
358 2448 480 2514 Sancto
513 2447 612 2512 Justo
647 2447 890 2512 Dorovemensi
922 2447 1174 2536 archiepiscopo,
1197 2457 1231 2516 et
1263 2473 1283 2516 a

231 2549 364 2613 domino
397 2569 484 2634 pape
507 2547 656 2614 Honorio
679 2547 818 2634 pallium
850 2547 985 2632 accepit,
1009 2554 1043 2612 et
1065 2570 1086 2613 a
1117 2571 1192 2636 rege
1217 2551 1282 2616 Ed-

231 2651 319 2716 wino
349 2651 459 2716 sedem
495 2649 783 2736 metropolitanam
807 2651 843 2714 in
874 2650 965 2714 dicta
987 2651 1124 2716 civitate
1159 2653 1280 2718 Ebora-

230 2754 339 2834 censi;
362 2753 465 2819 etsie
487 2773 546 2838 per
568 2773 627 2817 sex
657 2773 761 2816 annos
795 2752 970 2816 continuos
992 2753 1086 2838 genti
1111 2753 1282 2820 Northan-

229 2855 434 2921 himbrorum
465 2855 667 2921 nobilissime
702 2855 899 2941 praedicavit
921 2875 1025 2940 usque
1058 2855 1215 2922 videlicet
1237 2859 1279 2923 ad

229 2965 368 3024 mortem
390 2959 477 3044 regis
500 2957 641 3034 Edoni,
665 2961 705 3021 ut
727 2957 764 3020 in
787 2957 1004 3042 sequentibus
1027 2959 1175 3042 patefiet.

273 3059 351 3125 Jam
374 3081 452 3124 vero
484 3059 633 3125 omnium
668 3058 861 3144 scrupulosa
888 3057 1098 3124 dubitatione
1121 3081 1163 3126 ex
1197 3084 1280 3147 piru-

229 3160 351 3227 dictis2
374 3163 420 3226 sie
443 3161 560 3236 deleta,
583 3159 626 3226 ad
649 3160 776 3226 dictum
800 3159 988 3236 Paulinum,
1005 3161 1150 3246 primum
1173 3163 1278 3228 archi·

228 3265 416 3350 episcopum
441 3262 679 3328 Eboracensem
702 3266 849 3348 tempore
865 3262 1060 3350 Anglorum,
1076 3269 1111 3328 et
1125 3264 1167 3328 ad
1182 3271 1278 3330 ceeto-

226 3387 280 3431 ros
302 3363 366 3430 sibi
389 3363 606 3442 succedentes
630 3368 670 3428 ut
692 3363 901 3450 provisimus,
924 3363 1035 3429 debite
1057 3365 1235 3432 redeamus.

554 3587 609 3654 Da
632 3603 749 3652 nonan
773 3586 942 3654 Plumae.

271 3737 468 3804 Benedieam
491 3737 682 3814 Dominum,
704 3739 822 3805 mundi
844 3737 1099 3826 plasmatorem

270 3841 393 3926 Regem
416 3861 530 3926 regum
553 3839 710 3920 omnium,
733 3845 884 3906 nostrum
908 3839 1126 3918 savatorem,

270 3942 455 4008 Recolendo
477 3941 601 4027 pariter
623 3941 711 4028 stylo
734 3963 808 4032 cum
832 3941 941 4009 veraci

271 4044 400 4130 Dignos
422 4043 670 4130 archipraesules
693 4043 781 4110 sedis
804 4043 953 4116 Eboraci.

267 4149 366 4212 Anno
389 4145 625 4212 sexcentesimo
649 4144 774 4214 Christi
798 4145 968 4212 Ineamati
1253 4151 1271 4212 5

268 4249 394 4330 Quinto
417 4269 492 4314 cum
514 4247 670 4314 vicesimo
693 4253 773 4316 eunt
794 4269 881 4316 novo
904 4249 1028 4327 creati;
1286 4263 1415 4318 Pennus

267 4349 415 4431 Quorum
438 4355 550 4436 pastor
571 4349 691 4416 nobilis
714 4349 840 4436 primns
862 4355 914 4418 est
936 4349 1101 4428 Paulinus,
1192 4351 1211 4416 i.

267 4453 406 4540 Gregem
429 4454 535 4544 pascit
557 4453 650 4520 utilis
673 4453 752 4520 dum
777 4459 893 4540 regnat
916 4453 1083 4520 Edwinus.

256 4705 265 4739 ¹
280 4704 360 4773 sicat]
380 4711 417 4767 ut,
427 4705 462 4756 A.
733 4705 740 4774 Ι
804 4705 814 4740 ²
827 4705 972 4773 predictis]
993 4706 1085 4770 lucide,
1095 4707 1142 4758 ira.
1154 4709 1188 4760 A.
