3454 5816
514 897 557 942 or
580 895 649 944 rur
672 893 816 946 osunen
840 895 883 944 or
907 895 1011 944 roim.
1228 875 1294 942 457

246 1082 278 1144 N
281 1103 324 1146 on
346 1082 444 1146 timet
466 1082 522 1146 ille
545 1083 664 1158 Deum,
687 1082 774 1168 leges
797 1103 858 1148 nee
880 1083 950 1167 ipse
974 1087 1115 1161 veretur,

291 1184 417 1260 Eletus
440 1185 588 1269 cupidus
611 1185 722 1262 durus,
747 1185 889 1270 iniquus,
912 1189 1018 1250 atrox.

247 1285 394 1350 Perfidus
417 1292 468 1350 est
490 1286 631 1372 populus
654 1292 805 1372 patrator
827 1287 1062 1372 proditionum,

291 1386 445 1472 Crepule,
468 1388 550 1464 rixa,
573 1388 685 1452 Venus
708 1389 920 1474 praeoipitsnt
942 1395 977 1453 et
997 1411 1082 1453 eum.

248 1487 336 1552 Sunt
358 1489 460 1553 variae
486 1494 594 1553 vestes
615 1491 746 1564 mentis,
770 1490 871 1555 verite
894 1490 957 1554 sibi
981 1496 1082 1555 testes
1227 1494 1291 1553 315

292 1590 467 1655 Excidium
491 1591 593 1676 regni,
617 1591 854 1676 dissidiumque
878 1592 1027 1677 probunt.

247 1692 412 1757 Edwardo
436 1692 558 1758 Sonoto
581 1693 725 1758 coelestio
747 1715 849 1780 regne
871 1700 1012 1779 petente,

292 1795 401 1860 Desiit
423 1795 609 1882 Anglorum
632 1817 700 1873 rex,
723 1817 835 1882 genus,
860 1802 895 1861 et
916 1798 1070 1882 regimen.

248 1896 415 1960 Humidus
438 1897 527 1962 fastu
550 1918 688 1982 regnum
712 1897 801 1982 repit
822 1903 923 1982 utque
945 1919 1106 1975 eoronam,

292 1997 443 2064 Infausto
466 1999 552 2064 bello
576 2021 654 2062 mox
676 1999 840 2066 cariturus
863 2000 918 2064 eis.
1233 2003 1297 2064 320

248 2099 386 2184 Propter
407 2113 543 2186 peooutu
565 2100 804 2186 completoque,
826 2101 1059 2187 multiplicata,

292 2202 476 2288 Anglorum
500 2203 642 2288 populus
665 2203 799 2268 ensibus
822 2202 985 2269 occubuit.

304 2441 352 2506 Do
375 2439 526 2507 arlueutu
548 2438 647 2506 ducis
673 2439 956 2506 Nmmouuorum
978 2445 1008 2504 et
1029 2440 1245 2505 oerore-otioso

332 2530 334 2538 ’
695 2541 851 2626 ejusdem.

249 2683 328 2748 Dux
352 2683 383 2747 N
387 2703 620 2748 ormannorum
643 2681 776 2760 nothus,
799 2687 1004 2768 conquaestor
1028 2683 1198 2758 honorum,

249 2785 383 2850 intrans
405 2785 590 2870 Anglorum
614 2789 726 2860 terras,
750 2783 941 2850 dominatur
963 2805 1085 2862 eorum,

249 2889 348 2952 Anno
371 2887 506 2952 milleno
530 2907 694 2971 sexageno
717 2906 846 2972 quoque
870 2907 957 2962 seno,
1234 2889 1297 2951 325

294 2989 417 3074 Angliu
440 2987 644 3052 Normsnnis
667 2987 802 3052 subdite
823 2988 929 3073 primo
953 2987 1026 3052 fuit.

250 3090 350 3155 Hune
373 3089 586 3154 Eboruoensis
608 3089 774 3152 Aldredus
796 3088 918 3175 praesul
940 3095 974 3153 et
997 3089 1087 3153 urbis
1314 3113 1423 3166 William

294 3192 316 3256 J
319 3213 375 3256 ure
398 3191 568 3258 coronavit
590 3190 891 3276 sceptrigerumque
916 3191 1032 3270 dedit3
1313 3183 1453 3298 gmffld

250 3295 497 3380 Confestimque
520 3293 652 3380 pingam
675 3293 789 3358 subdit
812 3294 874 3357 sibi
901 3294 1124 3369 meridianam,
1329 3265 1346 3314 y
1457 3285 1463 3298 ”

295 3397 326 3460 N
331 3417 374 3460 on
396 3398 443 3461 sio
466 3395 697 3460 Humbransm
721 3395 911 3480 perdomuit
932 3395 1097 3480 petrium
1232 3400 1298 3462 330

252 3499 317 3564 Sed
340 3497 472 3576 olerum,
495 3495 654 3582 populum
677 3502 886 3582 prosternens
910 3497 1056 3582 undique
1079 3497 1158 3572 dire,

296 3599 427 3684 Saepius
449 3598 605 3664 adversas
628 3596 770 3682 protulit
791 3597 861 3682 ipse
885 3597 981 3662 vices

252 3699 360 3774 Ducis
385 3699 587 3763 Norrnannis
610 3697 821 3784 praedouibus
845 3701 945 3782 atque
970 3697 1131 3782 tyrannis,

297 3801 473 3867 Continuis
496 3801 593 3865 annis
615 3799 728 3885 preda
750 3799 816 3863 fuit
842 3801 955 3884 patrie.

252 3903 341 3969 Hine
364 3910 506 3989 surgunt
528 3901 642 3977 eredes,
665 3900 849 3986 flegrontur
871 3907 906 3965 et
928 3899 1061 3988 ignibus
1085 3901 1179 3977 sedes,
1235 3907 1299 3968 3:35
1314 3907 1386 3955 ror-k

298 4003 419 4069 Omnia
441 4002 589 4089 praedoni
612 4002 725 4088 praeda
748 4001 839 4066 fuere
861 4002 956 4067 melo.
1312 3976 1396 4023 burnt.

252 4107 402 4172 Flamma
424 4111 520 4170 vorat
543 4103 649 4182 villas,
671 4125 775 4190 egros,
798 4104 950 4189 sedesque
973 4110 1123 4180 secretas,

299 4209 354 4273 Sic
376 4212 427 4272 est
448 4211 614 4293 prostratu
636 4205 756 4283 nobilis
779 4207 920 4273 ecelesia.

255 4444 302 4511 De
323 4443 733 4530 rojbrmutioue'oeolesioe,
751 4443 975 4530 dipoitutum,
991 4453 1020 4511 et
1037 4447 1303 4533 prrebeudurum

403 4569 467 4631 per
485 4547 647 4632 primum
672 4547 834 4613 Thoonem
857 4547 1154 4636 arehiepiscopum.

253 4685 378 4750 Pnesul
402 4687 578 4771 prmolsrus
602 4687 744 4750 'ihomas
767 4686 829 4751 hoo
852 4688 984 4752 neruine
1008 4690 1146 4768 Primus,

295 4787 427 4865 Diruta,
453 4787 584 4873 dilapsu
608 4789 744 4874 singule
771 4789 930 4854 restituit
1239 4798 1305 4862 340
