<?xml version="1.0" encoding="UTF-8"?>
<!DOCTYPE html PUBLIC "-//W3C//DTD XHTML 1.0 Transitional//EN"
    "http://www.w3.org/TR/xhtml1/DTD/xhtml1-transitional.dtd">
<html xmlns="http://www.w3.org/1999/xhtml" xml:lang="en" lang="en">
 <head>
  <title>
</title>
<meta http-equiv="Content-Type" content="text/html;charset=utf-8" />
  <meta name='ocr-system' content='tesseract 3.04.00' />
  <meta name='ocr-capabilities' content='ocr_page ocr_carea ocr_par ocr_line ocrx_word'/>
</head>
<body>
  <div class='ocr_page' id='page_1' title='image "./historianschurc00raingoog/historianschurc00raingoog_0321.png"; bbox 0 0 3606 5798; ppageno 0'>
   <div class='ocr_carea' id='block_1_1' title="bbox 657 901 1384 974">
    <p class='ocr_par' dir='ltr' id='par_1_1' title="bbox 657 901 1384 974">
     <span class='ocr_line' id='line_1_1' title="bbox 657 901 1384 974; baseline 0.006 -6"><span class='ocrx_word' id='word_1_1' title='bbox 657 917 737 969; x_wconf 76' lang='lat' dir='ltr'>nuru</span> <span class='ocrx_word' id='word_1_2' title='bbox 760 919 805 970; x_wconf 86' lang='lat' dir='ltr'>or</span> <span class='ocrx_word' id='word_1_3' title='bbox 826 921 874 973; x_wconf 89' lang='lat' dir='ltr'>sr.</span> <span class='ocrx_word' id='word_1_4' title='bbox 899 917 1062 970; x_wconf 80' lang='lat' dir='ltr'>wmnmn.</span> <span class='ocrx_word' id='word_1_5' title='bbox 1318 901 1384 974; x_wconf 76' lang='lat' dir='ltr'>2t9</span> 
     </span>
    </p>
   </div>
   <div class='ocr_carea' id='block_1_2' title="bbox 320 1103 1615 3014">
    <p class='ocr_par' dir='ltr' id='par_1_2' title="bbox 320 1103 1383 1578">
     <span class='ocr_line' id='line_1_2' title="bbox 323 1103 1383 1194; baseline 0.007 -29"><span class='ocrx_word' id='word_1_6' title='bbox 323 1103 404 1178; x_wconf 89' lang='lat' dir='ltr'>tare,</span> <span class='ocrx_word' id='word_1_7' title='bbox 435 1123 536 1190; x_wconf 89' lang='lat' dir='ltr'>supra</span> <span class='ocrx_word' id='word_1_8' title='bbox 566 1105 654 1172; x_wconf 87' lang='lat' dir='ltr'>vires</span> <span class='ocrx_word' id='word_1_9' title='bbox 688 1126 778 1174; x_wconf 90' lang='lat' dir='ltr'>meas</span> <span class='ocrx_word' id='word_1_10' title='bbox 811 1112 869 1174; x_wconf 91' lang='lat' dir='ltr'>est.</span> <span class='ocrx_word' id='word_1_11' title='bbox 927 1106 1043 1186; x_wconf 86' lang='lat' dir='ltr'>Unum</span> <span class='ocrx_word' id='word_1_12' title='bbox 1075 1105 1181 1194; x_wconf 88' lang='lat' dir='ltr'>igitur</span> <span class='ocrx_word' id='word_1_13' title='bbox 1213 1127 1296 1193; x_wconf 89' lang='lat' dir='ltr'>opus</span> <span class='ocrx_word' id='word_1_14' title='bbox 1318 1105 1383 1174; x_wconf 87' lang='lat' dir='ltr'>Dei</span> 
     </span>
     <span class='ocr_line' id='line_1_3' title="bbox 320 1204 1383 1296; baseline 0.004 -24"><span class='ocrx_word' id='word_1_15' title='bbox 320 1204 505 1272; x_wconf 80' lang='lat' dir='ltr'>circaeam</span> <span class='ocrx_word' id='word_1_16' title='bbox 534 1208 660 1275; x_wconf 85' lang='lat' dir='ltr'>factum</span> <span class='ocrx_word' id='word_1_17' title='bbox 691 1210 886 1288; x_wconf 85' lang='lat' dir='ltr'>memorabo,</span> <span class='ocrx_word' id='word_1_18' title='bbox 909 1231 951 1276; x_wconf 88' lang='lat' dir='ltr'>ex</span> <span class='ocrx_word' id='word_1_19' title='bbox 975 1231 1041 1296; x_wconf 90' lang='lat' dir='ltr'>quo</span> <span class='ocrx_word' id='word_1_20' title='bbox 1073 1209 1200 1276; x_wconf 90' lang='lat' dir='ltr'>caeteris</span> <span class='ocrx_word' id='word_1_21' title='bbox 1227 1229 1307 1295; x_wconf 48' lang='lat' dir='ltr'>¹quae</span> <span class='ocrx_word' id='word_1_22' title='bbox 1342 1210 1383 1276; x_wconf 91' lang='lat' dir='ltr'>de</span> 
     </span>
     <span class='ocr_line' id='line_1_4' title="bbox 322 1307 1383 1398; baseline 0.008 -29"><span class='ocrx_word' id='word_1_23' title='bbox 322 1323 361 1370; x_wconf 87' lang='lat' dir='ltr'>eo</span> <span class='ocrx_word' id='word_1_24' title='bbox 399 1307 628 1375; x_wconf 88' lang='lat' dir='ltr'>recitabuntur</span> <span class='ocrx_word' id='word_1_25' title='bbox 664 1311 784 1378; x_wconf 92' lang='lat' dir='ltr'>merito</span> <span class='ocrx_word' id='word_1_26' title='bbox 821 1311 903 1377; x_wconf 82' lang='lat' dir='ltr'>fides</span> <span class='ocrx_word' id='word_1_27' title='bbox 941 1311 1066 1398; x_wconf 89' lang='lat' dir='ltr'>poterit</span> <span class='ocrx_word' id='word_1_28' title='bbox 1111 1309 1272 1390; x_wconf 79' lang='lat' dir='ltr'><strong>adhiberi,</strong></span> <span class='ocrx_word' id='word_1_29' title='bbox 1304 1311 1383 1378; x_wconf 91' lang='lat' dir='ltr'>licet</span> 
     </span>
     <span class='ocr_line' id='line_1_5' title="bbox 323 1407 1381 1500; baseline 0.004 -26"><span class='ocrx_word' id='word_1_30' title='bbox 323 1407 407 1474; x_wconf 91' lang='lat' dir='ltr'>mihi</span> <span class='ocrx_word' id='word_1_31' title='bbox 444 1411 626 1478; x_wconf 86' lang='lat' dir='ltr'>consultius</span> <span class='ocrx_word' id='word_1_32' title='bbox 667 1413 753 1480; x_wconf 90' lang='lat' dir='ltr'>foret</span> <span class='ocrx_word' id='word_1_33' title='bbox 795 1413 954 1481; x_wconf 87' lang='lat' dir='ltr'>miracula</span> <span class='ocrx_word' id='word_1_34' title='bbox 991 1411 1113 1491; x_wconf 79' lang='lat' dir='ltr'>mirati,</span> <span class='ocrx_word' id='word_1_35' title='bbox 1149 1433 1248 1500; x_wconf 88' lang='lat' dir='ltr'>quam</span> <span class='ocrx_word' id='word_1_36' title='bbox 1287 1434 1381 1480; x_wconf 84' lang='lat' dir='ltr'>enar·</span> 
     </span>
     <span class='ocr_line' id='line_1_6' title="bbox 324 1531 404 1578; baseline 0.025 -2"><span class='ocrx_word' id='word_1_37' title='bbox 324 1531 404 1578; x_wconf 86' lang='lat' dir='ltr'>rare.</span> 
     </span>
    </p>

    <p class='ocr_par' dir='ltr' id='par_1_3' title="bbox 320 1613 1615 3014">
     <span class='ocr_line' id='line_1_7' title="bbox 369 1613 1516 1706; baseline 0.004 -26"><span class='ocrx_word' id='word_1_38' title='bbox 369 1613 500 1682; x_wconf 87' lang='lat' dir='ltr'>Mortuo</span> <span class='ocrx_word' id='word_1_39' title='bbox 534 1616 638 1704; x_wconf 88' lang='lat' dir='ltr'>igitur</span> <span class='ocrx_word' id='word_1_40' title='bbox 672 1615 795 1684; x_wconf 84' lang='lat' dir='ltr'>Sancto</span> <span class='ocrx_word' id='word_1_41' title='bbox 827 1615 1002 1696; x_wconf 78' lang='lat' dir='ltr'>willelmo,</span> <span class='ocrx_word' id='word_1_42' title='bbox 1037 1637 1112 1684; x_wconf 87' lang='lat' dir='ltr'>cum</span> <span class='ocrx_word' id='word_1_43' title='bbox 1144 1615 1308 1684; x_wconf 79' lang='lat' dir='ltr'><strong>Dominus</strong></span> <span class='ocrx_word' id='word_1_44' title='bbox 1341 1617 1463 1702; x_wconf 69' lang='lat' dir='ltr'>ianrk</span> <span class='ocrx_word' id='word_1_45' title='bbox 1510 1693 1516 1706; x_wconf 52' lang='grc'><strong>,</strong></span> 
     </span>
     <span class='ocr_line' id='line_1_8' title="bbox 323 1691 1531 1814; baseline 0.006 -31"><span class='ocrx_word' id='word_1_46' title='bbox 323 1715 446 1784; x_wconf 74' lang='lat' dir='ltr'>sanae</span> <span class='ocrx_word' id='word_1_47' title='bbox 479 1719 548 1786; x_wconf 82' lang='lat' dir='ltr'>suo</span> <span class='ocrx_word' id='word_1_48' title='bbox 577 1720 781 1807; x_wconf 53' lang='lat' dir='ltr'>manuari</span> <span class='ocrx_word' id='word_1_49' title='bbox 811 1719 927 1800; x_wconf 72' lang='lat' dir='ltr'>vome,</span> <span class='ocrx_word' id='word_1_50' title='bbox 959 1725 995 1786; x_wconf 73' lang='lat' dir='ltr'>a</span> <span class='ocrx_word' id='word_1_51' title='bbox 1026 1720 1206 1807; x_wconf 76' lang='lat' dir='ltr'>perspicuis</span> <span class='ocrx_word' id='word_1_52' title='bbox 1246 1691 1531 1814; x_wconf 58' lang='lat' dir='ltr'>nassfflffi</span> 
     </span>
     <span class='ocr_line' id='line_1_9' title="bbox 324 1818 1546 1910; baseline 0.004 -24"><span class='ocrx_word' id='word_1_53' title='bbox 324 1819 439 1888; x_wconf 80' lang='lat' dir='ltr'>Sancti</span> <span class='ocrx_word' id='word_1_54' title='bbox 476 1822 699 1890; x_wconf 69' lang='lat' dir='ltr'>sinceritatem</span> <span class='ocrx_word' id='word_1_55' title='bbox 737 1823 859 1910; x_wconf 87' lang='lat' dir='ltr'>popule</span> <span class='ocrx_word' id='word_1_56' title='bbox 892 1821 1072 1910; x_wconf 86' lang='lat' dir='ltr'>propalare,</span> <span class='ocrx_word' id='word_1_57' title='bbox 1109 1818 1246 1890; x_wconf 83' lang='lat' dir='ltr'>accidit&#39;</span> <span class='ocrx_word' id='word_1_58' title='bbox 1266 1829 1307 1891; x_wconf 86' lang='lat' dir='ltr'>ut</span> <span class='ocrx_word' id='word_1_59' title='bbox 1340 1824 1546 1890; x_wconf 64' lang='lat' dir='ltr'>inassueta-</span> 
     </span>
     <span class='ocr_line' id='line_1_10' title="bbox 322 1893 1520 2028; baseline 0.004 -39"><span class='ocrx_word' id='word_1_60' title='bbox 322 1922 494 2008; x_wconf 88' lang='lat' dir='ltr'>cujusdam</span> <span class='ocrx_word' id='word_1_61' title='bbox 516 1925 689 2012; x_wconf 71' lang='lat' dir='ltr'>profunda</span> <span class='ocrx_word' id='word_1_62' title='bbox 711 1926 818 1993; x_wconf 87' lang='lat' dir='ltr'>noetis</span> <span class='ocrx_word' id='word_1_63' title='bbox 848 1925 980 1991; x_wconf 89' lang='lat' dir='ltr'>silentio</span> <span class='ocrx_word' id='word_1_64' title='bbox 1006 1924 1134 1992; x_wconf 80' lang='lat' dir='ltr'>furtiva</span> <span class='ocrx_word' id='word_1_65' title='bbox 1154 1926 1294 2004; x_wconf 71' lang='lat' dir='ltr'>flamma,</span> <span class='ocrx_word' id='word_1_66' title='bbox 1317 1893 1520 2028; x_wconf 57' lang='lat' dir='ltr'>ne-ss⁰}{1„⁸1¹j}</span> 
     </span>
     <span class='ocr_line' id='line_1_11' title="bbox 322 2025 1496 2114; baseline 0.007 -25"><span class='ocrx_word' id='word_1_67' title='bbox 322 2025 479 2112; x_wconf 87' lang='lat' dir='ltr'>gligentis</span> <span class='ocrx_word' id='word_1_68' title='bbox 510 2027 657 2094; x_wconf 87' lang='lat' dir='ltr'>custodis</span> <span class='ocrx_word' id='word_1_69' title='bbox 691 2027 835 2104; x_wconf 87' lang='lat' dir='ltr'>alumna,</span> <span class='ocrx_word' id='word_1_70' title='bbox 867 2025 1039 2114; x_wconf 81' lang='lat' dir='ltr'>civitatem</span> <span class='ocrx_word' id='word_1_71' title='bbox 1070 2027 1223 2094; x_wconf 88' lang='lat' dir='ltr'>incendio</span> <span class='ocrx_word' id='word_1_72' title='bbox 1253 2025 1496 2096; x_wconf 63' lang='lat' dir='ltr'>conflarifll&#39;ured·</span> 
     </span>
     <span class='ocr_line' id='line_1_12' title="bbox 321 2127 1377 2217; baseline 0.009 -28"><span class='ocrx_word' id='word_1_73' title='bbox 321 2128 450 2213; x_wconf 80' lang='lat' dir='ltr'>gravit;</span> <span class='ocrx_word' id='word_1_74' title='bbox 474 2149 604 2215; x_wconf 83' lang='lat' dir='ltr'>exque</span> <span class='ocrx_word' id='word_1_75' title='bbox 635 2129 771 2214; x_wconf 89' lang='lat' dir='ltr'>quidam</span> <span class='ocrx_word' id='word_1_76' title='bbox 794 2127 910 2214; x_wconf 80' lang='lat' dir='ltr'>globus</span> <span class='ocrx_word' id='word_1_77' title='bbox 932 2127 1019 2215; x_wconf 86' lang='lat' dir='ltr'>ignis</span> <span class='ocrx_word' id='word_1_78' title='bbox 1042 2150 1101 2215; x_wconf 89' lang='lat' dir='ltr'>per</span> <span class='ocrx_word' id='word_1_79' title='bbox 1132 2129 1278 2195; x_wconf 90' lang='lat' dir='ltr'>medium</span> <span class='ocrx_word' id='word_1_80' title='bbox 1305 2131 1377 2217; x_wconf 88' lang='lat' dir='ltr'>pla·</span> 
     </span>
     <span class='ocr_line' id='line_1_13' title="bbox 321 2230 1378 2309; baseline 0.006 -15"><span class='ocrx_word' id='word_1_81' title='bbox 321 2233 451 2294; x_wconf 87' lang='lat' dir='ltr'>tearum</span> <span class='ocrx_word' id='word_1_82' title='bbox 474 2231 667 2309; x_wconf 71' lang='lat' dir='ltr'>discurrens,</span> <span class='ocrx_word' id='word_1_83' title='bbox 691 2235 726 2296; x_wconf 91' lang='lat' dir='ltr'>et</span> <span class='ocrx_word' id='word_1_84' title='bbox 755 2230 894 2297; x_wconf 87' lang='lat' dir='ltr'>inventa</span> <span class='ocrx_word' id='word_1_85' title='bbox 915 2231 1118 2309; x_wconf 86' lang='lat' dir='ltr'>comburens,</span> <span class='ocrx_word' id='word_1_86' title='bbox 1141 2231 1276 2298; x_wconf 89' lang='lat' dir='ltr'>domum</span> <span class='ocrx_word' id='word_1_87' title='bbox 1306 2253 1378 2300; x_wconf 87' lang='lat' dir='ltr'>ora·</span> 
     </span>
     <span class='ocr_line' id='line_1_14' title="bbox 322 2330 1378 2419; baseline 0.005 -24"><span class='ocrx_word' id='word_1_88' title='bbox 322 2330 424 2396; x_wconf 88' lang='lat' dir='ltr'>tionis</span> <span class='ocrx_word' id='word_1_89' title='bbox 461 2331 498 2396; x_wconf 91' lang='lat' dir='ltr'>in</span> <span class='ocrx_word' id='word_1_90' title='bbox 535 2353 602 2419; x_wconf 92' lang='lat' dir='ltr'>qua</span> <span class='ocrx_word' id='word_1_91' title='bbox 639 2337 791 2399; x_wconf 86' lang='lat' dir='ltr'>sanctum</span> <span class='ocrx_word' id='word_1_92' title='bbox 823 2351 942 2418; x_wconf 85' lang='lat' dir='ltr'>corpus</span> <span class='ocrx_word' id='word_1_93' title='bbox 975 2331 1149 2418; x_wconf 85' lang='lat' dir='ltr'>requievit,</span> <span class='ocrx_word' id='word_1_94' title='bbox 1181 2333 1311 2400; x_wconf 87' lang='lat' dir='ltr'>obsedit</span> <span class='ocrx_word' id='word_1_95' title='bbox 1342 2333 1378 2400; x_wconf 92' lang='lat' dir='ltr'>in</span> 
     </span>
     <span class='ocr_line' id='line_1_15' title="bbox 322 2433 1378 2522; baseline 0.004 -24"><span class='ocrx_word' id='word_1_96' title='bbox 322 2433 472 2512; x_wconf 84' lang='lat' dir='ltr'>circuitu,</span> <span class='ocrx_word' id='word_1_97' title='bbox 495 2437 531 2500; x_wconf 87' lang='lat' dir='ltr'>et</span> <span class='ocrx_word' id='word_1_98' title='bbox 552 2434 704 2500; x_wconf 86' lang='lat' dir='ltr'>flammeo</span> <span class='ocrx_word' id='word_1_99' title='bbox 727 2435 917 2501; x_wconf 84' lang='lat' dir='ltr'>devastavit</span> <span class='ocrx_word' id='word_1_100' title='bbox 932 2433 1060 2499; x_wconf 88' lang='lat' dir='ltr'>insultu</span> <span class='ocrx_word' id='word_1_101' title='bbox 1070 2458 1080 2515; x_wconf 92' lang='lat'>;</span> <span class='ocrx_word' id='word_1_102' title='bbox 1101 2439 1292 2522; x_wconf 87' lang='lat' dir='ltr'>tectumque</span> <span class='ocrx_word' id='word_1_103' title='bbox 1310 2457 1378 2504; x_wconf 90' lang='lat' dir='ltr'>non</span> 
     </span>
     <span class='ocr_line' id='line_1_16' title="bbox 322 2534 1378 2626; baseline 0.006 -27"><span class='ocrx_word' id='word_1_104' title='bbox 322 2534 428 2600; x_wconf 91' lang='lat' dir='ltr'>solum</span> <span class='ocrx_word' id='word_1_105' title='bbox 450 2535 588 2614; x_wconf 84' lang='lat' dir='ltr'>detexit,</span> <span class='ocrx_word' id='word_1_106' title='bbox 611 2536 669 2602; x_wconf 88' lang='lat' dir='ltr'>sed</span> <span class='ocrx_word' id='word_1_107' title='bbox 696 2535 797 2602; x_wconf 88' lang='lat' dir='ltr'>etiam</span> <span class='ocrx_word' id='word_1_108' title='bbox 831 2537 868 2602; x_wconf 87' lang='lat' dir='ltr'>in</span> <span class='ocrx_word' id='word_1_109' title='bbox 898 2537 1041 2603; x_wconf 63' lang='lat' dir='ltr'>&amp;nerem</span> <span class='ocrx_word' id='word_1_110' title='bbox 1073 2535 1229 2603; x_wconf 90' lang='lat' dir='ltr'>ultimum</span> <span class='ocrx_word' id='word_1_111' title='bbox 1260 2539 1378 2626; x_wconf 89' lang='lat' dir='ltr'>templi</span> 
     </span>
     <span class='ocr_line' id='line_1_17' title="bbox 320 2635 1376 2726; baseline 0.006 -26"><span class='ocrx_word' id='word_1_112' title='bbox 320 2635 425 2702; x_wconf 85' lang='lat' dir='ltr'>aedem</span> <span class='ocrx_word' id='word_1_113' title='bbox 447 2637 503 2702; x_wconf 88' lang='lat' dir='ltr'>vel</span> <span class='ocrx_word' id='word_1_114' title='bbox 524 2637 560 2701; x_wconf 91' lang='lat' dir='ltr'>in</span> <span class='ocrx_word' id='word_1_115' title='bbox 576 2637 732 2704; x_wconf 88' lang='lat' dir='ltr'>carbones</span> <span class='ocrx_word' id='word_1_116' title='bbox 755 2636 885 2726; x_wconf 78' lang='lat' dir='ltr'>redegit</span> <span class='ocrx_word' id='word_1_117' title='bbox 899 2637 1121 2704; x_wconf 89' lang='lat' dir='ltr'>desolatorios.</span> <span class='ocrx_word' id='word_1_118' title='bbox 1167 2639 1376 2707; x_wconf 85' lang='lat' dir='ltr'>Prostratum</span> 
     </span>
     <span class='ocr_line' id='line_1_18' title="bbox 322 2738 1377 2828; baseline 0.007 -25"><span class='ocrx_word' id='word_1_119' title='bbox 322 2743 372 2804; x_wconf 88' lang='lat' dir='ltr'>eet</span> <span class='ocrx_word' id='word_1_120' title='bbox 394 2739 438 2804; x_wconf 87' lang='lat' dir='ltr'>ad</span> <span class='ocrx_word' id='word_1_121' title='bbox 460 2738 566 2806; x_wconf 90' lang='lat' dir='ltr'>solum</span> <span class='ocrx_word' id='word_1_122' title='bbox 588 2739 713 2806; x_wconf 86' lang='lat' dir='ltr'>civium</span> <span class='ocrx_word' id='word_1_123' title='bbox 739 2739 901 2806; x_wconf 88' lang='lat' dir='ltr'>bonorum</span> <span class='ocrx_word' id='word_1_124' title='bbox 923 2739 1087 2818; x_wconf 83' lang='lat' dir='ltr'>solatium,</span> <span class='ocrx_word' id='word_1_125' title='bbox 1108 2745 1143 2808; x_wconf 87' lang='lat' dir='ltr'>et</span> <span class='ocrx_word' id='word_1_126' title='bbox 1165 2741 1238 2828; x_wconf 87' lang='lat' dir='ltr'>ipsa</span> <span class='ocrx_word' id='word_1_127' title='bbox 1258 2743 1377 2810; x_wconf 89' lang='lat' dir='ltr'>domus</span> 
     </span>
     <span class='ocr_line' id='line_1_19' title="bbox 320 2839 1376 2929; baseline 0.006 -23"><span class='ocrx_word' id='word_1_128' title='bbox 320 2841 365 2906; x_wconf 88' lang='lat' dir='ltr'>ad</span> <span class='ocrx_word' id='word_1_129' title='bbox 387 2839 464 2906; x_wconf 88' lang='lat' dir='ltr'>fidei</span> <span class='ocrx_word' id='word_1_130' title='bbox 486 2841 628 2908; x_wconf 87' lang='lat' dir='ltr'>fundata</span> <span class='ocrx_word' id='word_1_131' title='bbox 649 2841 842 2909; x_wconf 85' lang='lat' dir='ltr'>firmitatem</span> <span class='ocrx_word' id='word_1_132' title='bbox 869 2841 913 2909; x_wconf 91' lang='lat' dir='ltr'>ab</span> <span class='ocrx_word' id='word_1_133' title='bbox 935 2842 1016 2929; x_wconf 87' lang='lat' dir='ltr'>ipsis</span> <span class='ocrx_word' id='word_1_134' title='bbox 1045 2843 1114 2909; x_wconf 86' lang='lat' dir='ltr'>fere</span> <span class='ocrx_word' id='word_1_135' title='bbox 1136 2845 1303 2912; x_wconf 85' lang='lat' dir='ltr'>eradicata</span> <span class='ocrx_word' id='word_1_136' title='bbox 1325 2852 1376 2913; x_wconf 77' lang='lat' dir='ltr'>est</span> 
     </span>
     <span class='ocr_line' id='line_1_20' title="bbox 320 2941 1615 3014; baseline 0.003 -7"><span class='ocrx_word' id='word_1_137' title='bbox 320 2941 553 3010; x_wconf 86' lang='lat' dir='ltr'>fundamentis.</span> <span class='ocrx_word' id='word_1_138' title='bbox 601 2943 725 3010; x_wconf 89' lang='lat' dir='ltr'>Verum</span> <span class='ocrx_word' id='word_1_139' title='bbox 755 2945 835 3009; x_wconf 92' lang='lat' dir='ltr'>dum</span> <span class='ocrx_word' id='word_1_140' title='bbox 865 2945 1001 3011; x_wconf 88' lang='lat' dir='ltr'>flemma</span> <span class='ocrx_word' id='word_1_141' title='bbox 1022 2944 1134 3012; x_wconf 78' lang='lat' dir='ltr'>fimens</span> <span class='ocrx_word' id='word_1_142' title='bbox 1168 2965 1228 3012; x_wconf 88' lang='lat' dir='ltr'>sua</span> <span class='ocrx_word' id='word_1_143' title='bbox 1259 2947 1374 3014; x_wconf 90' lang='lat' dir='ltr'>multi·</span> <span class='ocrx_word' id='word_1_144' title='bbox 1387 2955 1500 3010; x_wconf 75' lang='lat' dir='ltr'>Absm</span> <span class='ocrx_word' id='word_1_145' title='bbox 1614 2991 1615 2994; x_wconf 19' lang='grc' dir='ltr'><strong>κ</strong></span> 
     </span>
    </p>
   </div>
   <div class='ocr_carea' id='block_1_3' title="bbox 319 3021 1511 3143">
    <p class='ocr_par' dir='ltr' id='par_1_4' title="bbox 319 3021 1511 3143">
     <span class='ocr_line' id='line_1_21' title="bbox 319 3021 1511 3143; baseline -0.008 -31"><span class='ocrx_word' id='word_1_146' title='bbox 319 3045 458 3131; x_wconf 76' lang='lat' dir='ltr'>plicaret</span> <span class='ocrx_word' id='word_1_147' title='bbox 489 3045 650 3124; x_wconf 87' lang='lat' dir='ltr'>incendia,</span> <span class='ocrx_word' id='word_1_148' title='bbox 680 3050 715 3114; x_wconf 90' lang='lat' dir='ltr'>et</span> <span class='ocrx_word' id='word_1_149' title='bbox 747 3047 905 3134; x_wconf 87' lang='lat' dir='ltr'>quicquid</span> <span class='ocrx_word' id='word_1_150' title='bbox 938 3047 1071 3114; x_wconf 87' lang='lat' dir='ltr'>obviem</span> <span class='ocrx_word' id='word_1_151' title='bbox 1103 3048 1134 3113; x_wconf 87' lang='lat' dir='ltr'>ei</span> <span class='ocrx_word' id='word_1_152' title='bbox 1167 3048 1279 3116; x_wconf 87' lang='lat' dir='ltr'>fuerat</span> <span class='ocrx_word' id='word_1_153' title='bbox 1312 3021 1511 3143; x_wconf 50' lang='lat' dir='ltr'>suassffisffi</span> 
     </span>
    </p>
   </div>
   <div class='ocr_carea' id='block_1_4' title="bbox 320 3148 1651 3276">
    <p class='ocr_par' dir='ltr' id='par_1_5' title="bbox 320 3148 1651 3276">
     <span class='ocr_line' id='line_1_22' title="bbox 320 3148 1651 3276; baseline 0.002 -64"><span class='ocrx_word' id='word_1_154' title='bbox 320 3148 502 3215; x_wconf 75' lang='lat' dir='ltr'>voracitate</span> <span class='ocrx_word' id='word_1_155' title='bbox 535 3149 725 3228; x_wconf 75' lang='lat' dir='ltr'>terebraret,</span> <span class='ocrx_word' id='word_1_156' title='bbox 759 3151 842 3216; x_wconf 89' lang='lat' dir='ltr'>adeo</span> <span class='ocrx_word' id='word_1_157' title='bbox 874 3149 962 3236; x_wconf 89' lang='lat' dir='ltr'>quod</span> <span class='ocrx_word' id='word_1_158' title='bbox 993 3150 1206 3237; x_wconf 76' lang='lat' dir='ltr'>indignantes</span> <span class='ocrx_word' id='word_1_159' title='bbox 1240 3151 1315 3218; x_wconf 86' lang='lat' dir='ltr'>aeris</span> <span class='ocrx_word' id='word_1_160' title='bbox 1337 3157 1546 3276; x_wconf 52' lang='lat' dir='ltr'>etiffisbisse</span> <span class='ocrx_word' id='word_1_161' title='bbox 1649 3209 1651 3215; x_wconf 92' lang='lat'><em>.</em></span> 
     </span>
    </p>
   </div>
   <div class='ocr_carea' id='block_1_5' title="bbox 319 3249 1539 4156">
    <p class='ocr_par' dir='ltr' id='par_1_6' title="bbox 320 3249 1539 3543">
     <span class='ocr_line' id='line_1_23' title="bbox 320 3249 1539 3343; baseline 0.005 -29"><span class='ocrx_word' id='word_1_162' title='bbox 320 3249 399 3315; x_wconf 86' lang='lat' dir='ltr'>ferri</span> <span class='ocrx_word' id='word_1_163' title='bbox 414 3249 548 3317; x_wconf 87' lang='lat' dir='ltr'>laminae</span> <span class='ocrx_word' id='word_1_164' title='bbox 563 3251 660 3336; x_wconf 87' lang='lat' dir='ltr'>quasi</span> <span class='ocrx_word' id='word_1_165' title='bbox 682 3251 786 3337; x_wconf 87' lang='lat' dir='ltr'>paleae</span> <span class='ocrx_word' id='word_1_166' title='bbox 808 3257 904 3318; x_wconf 87' lang='lat' dir='ltr'>erant</span> <span class='ocrx_word' id='word_1_167' title='bbox 919 3251 964 3317; x_wconf 89' lang='lat' dir='ltr'>ad</span> <span class='ocrx_word' id='word_1_168' title='bbox 985 3255 1119 3337; x_wconf 89' lang='lat' dir='ltr'>pastum</span> <span class='ocrx_word' id='word_1_169' title='bbox 1142 3251 1238 3338; x_wconf 89' lang='lat' dir='ltr'>ignis,</span> <span class='ocrx_word' id='word_1_170' title='bbox 1261 3254 1372 3340; x_wconf 84' lang='lat' dir='ltr'>cujus·</span> <span class='ocrx_word' id='word_1_171' title='bbox 1385 3291 1539 3343; x_wconf 52' lang='lat' dir='ltr'>4„de</span> 
     </span>
     <span class='ocr_line' id='line_1_24' title="bbox 321 3352 1531 3444; baseline 0.003 -26"><span class='ocrx_word' id='word_1_172' title='bbox 321 3352 398 3419; x_wconf 90' lang='lat' dir='ltr'>dam</span> <span class='ocrx_word' id='word_1_173' title='bbox 421 3353 526 3419; x_wconf 81' lang='lat' dir='ltr'>trabis</span> <span class='ocrx_word' id='word_1_174' title='bbox 548 3353 650 3420; x_wconf 89' lang='lat' dir='ltr'>moles</span> <span class='ocrx_word' id='word_1_175' title='bbox 673 3354 844 3431; x_wconf 87' lang='lat' dir='ltr'>immensa,</span> <span class='ocrx_word' id='word_1_176' title='bbox 867 3375 888 3420; x_wconf 92' lang='lat' dir='ltr'>a</span> <span class='ocrx_word' id='word_1_177' title='bbox 914 3353 1067 3421; x_wconf 89' lang='lat' dir='ltr'>culminis</span> <span class='ocrx_word' id='word_1_178' title='bbox 1090 3375 1245 3442; x_wconf 84' lang='lat' dir='ltr'>compage</span> <span class='ocrx_word' id='word_1_179' title='bbox 1278 3356 1493 3444; x_wconf 64' lang='lat' dir='ltr'>supe-itum·</span> <span class='ocrx_word' id='word_1_180' title='bbox 1528 3371 1531 3378; x_wconf 63' lang='lat'><strong>⁴</strong></span> 
     </span>
     <span class='ocr_line' id='line_1_25' title="bbox 320 3455 1374 3543; baseline 0.004 -22"><span class='ocrx_word' id='word_1_181' title='bbox 320 3456 389 3521; x_wconf 87' lang='lat' dir='ltr'>rius</span> <span class='ocrx_word' id='word_1_182' title='bbox 412 3459 570 3542; x_wconf 82' lang='lat' dir='ltr'>separata,</span> <span class='ocrx_word' id='word_1_183' title='bbox 594 3477 694 3543; x_wconf 89' lang='lat' dir='ltr'>super</span> <span class='ocrx_word' id='word_1_184' title='bbox 714 3455 874 3522; x_wconf 90' lang='lat' dir='ltr'>humilem</span> <span class='ocrx_word' id='word_1_185' title='bbox 895 3456 1062 3522; x_wconf 89' lang='lat' dir='ltr'>tumulum</span> <span class='ocrx_word' id='word_1_186' title='bbox 1085 3479 1128 3534; x_wconf 69' lang='lat' dir='ltr'>ex</span> <span class='ocrx_word' id='word_1_187' title='bbox 1150 3457 1219 3523; x_wconf 90' lang='lat' dir='ltr'>alto</span> <span class='ocrx_word' id='word_1_188' title='bbox 1241 3459 1374 3538; x_wconf 86' lang='lat' dir='ltr'>corruit,</span> 
     </span>
    </p>

    <p class='ocr_par' dir='ltr' id='par_1_7' title="bbox 320 3557 1375 3646">
     <span class='ocr_line' id='line_1_26' title="bbox 320 3557 1375 3646; baseline 0.002 -22"><span class='ocrx_word' id='word_1_189' title='bbox 320 3564 356 3624; x_wconf 91' lang='lat' dir='ltr'>et</span> <span class='ocrx_word' id='word_1_190' title='bbox 377 3557 567 3646; x_wconf 87' lang='lat' dir='ltr'>operculum</span> <span class='ocrx_word' id='word_1_191' title='bbox 590 3558 660 3645; x_wconf 89' lang='lat' dir='ltr'>ejus</span> <span class='ocrx_word' id='word_1_192' title='bbox 683 3580 743 3645; x_wconf 90' lang='lat' dir='ltr'>per</span> <span class='ocrx_word' id='word_1_193' title='bbox 762 3559 909 3624; x_wconf 90' lang='lat' dir='ltr'>medium</span> <span class='ocrx_word' id='word_1_194' title='bbox 931 3557 1051 3640; x_wconf 91' lang='lat' dir='ltr'>scidit;</span> <span class='ocrx_word' id='word_1_195' title='bbox 1075 3564 1110 3625; x_wconf 91' lang='lat' dir='ltr'>et</span> <span class='ocrx_word' id='word_1_196' title='bbox 1124 3565 1260 3645; x_wconf 85' lang='lat' dir='ltr'>partem</span> <span class='ocrx_word' id='word_1_197' title='bbox 1283 3561 1375 3628; x_wconf 88' lang='lat' dir='ltr'>illam</span> 
     </span>
    </p>

    <p class='ocr_par' dir='ltr' id='par_1_8' title="bbox 319 3655 1522 4156">
     <span class='ocr_line' id='line_1_27' title="bbox 321 3655 1374 3748; baseline 0.003 -23"><span class='ocrx_word' id='word_1_198' title='bbox 321 3681 396 3747; x_wconf 86' lang='lat' dir='ltr'>quae</span> <span class='ocrx_word' id='word_1_199' title='bbox 427 3655 527 3748; x_wconf 87' lang='lat' dir='ltr'>pedes</span> <span class='ocrx_word' id='word_1_200' title='bbox 558 3659 693 3746; x_wconf 88' lang='lat' dir='ltr'>tegebat</span> <span class='ocrx_word' id='word_1_201' title='bbox 724 3671 870 3727; x_wconf 89' lang='lat' dir='ltr'>seorsum</span> <span class='ocrx_word' id='word_1_202' title='bbox 903 3670 1102 3748; x_wconf 85' lang='lat' dir='ltr'>separansa</span> <span class='ocrx_word' id='word_1_203' title='bbox 1134 3656 1314 3748; x_wconf 85' lang='lat' dir='ltr'>sepulchro,</span> <span class='ocrx_word' id='word_1_204' title='bbox 1337 3663 1374 3728; x_wconf 89' lang='lat' dir='ltr'>iu</span> 
     </span>
     <span class='ocr_line' id='line_1_28' title="bbox 321 3761 1504 3852; baseline 0.007 -24"><span class='ocrx_word' id='word_1_205' title='bbox 321 3763 474 3829; x_wconf 83' lang='lat' dir='ltr'>ardentes</span> <span class='ocrx_word' id='word_1_206' title='bbox 512 3762 669 3829; x_wconf 88' lang='lat' dir='ltr'>carbones</span> <span class='ocrx_word' id='word_1_207' title='bbox 696 3766 747 3828; x_wconf 90' lang='lat' dir='ltr'>est</span> <span class='ocrx_word' id='word_1_208' title='bbox 784 3762 936 3830; x_wconf 83' lang='lat' dir='ltr'>resoluta</span> <span class='ocrx_word' id='word_1_209' title='bbox 991 3761 1077 3829; x_wconf 81' lang='lat' dir='ltr'>Cum</span> <span class='ocrx_word' id='word_1_210' title='bbox 1117 3763 1231 3850; x_wconf 87' lang='lat' dir='ltr'>itaque</span> <span class='ocrx_word' id='word_1_211' title='bbox 1263 3765 1372 3833; x_wconf 87' lang='lat' dir='ltr'>omnia</span> <span class='ocrx_word' id='word_1_212' title='bbox 1385 3781 1504 3852; x_wconf 76' lang='lat' dir='ltr'>anmg</span> 
     </span>
     <span class='ocr_line' id='line_1_29' title="bbox 320 3850 1511 3969; baseline 0.002 -37"><span class='ocrx_word' id='word_1_213' title='bbox 320 3867 480 3951; x_wconf 90' lang='lat' dir='ltr'>abiissent</span> <span class='ocrx_word' id='word_1_214' title='bbox 512 3865 549 3931; x_wconf 91' lang='lat' dir='ltr'>in</span> <span class='ocrx_word' id='word_1_215' title='bbox 580 3866 865 3953; x_wconf 83' lang='lat' dir='ltr'>consumptionem</span> <span class='ocrx_word' id='word_1_216' title='bbox 896 3869 931 3930; x_wconf 92' lang='lat' dir='ltr'>et</span> <span class='ocrx_word' id='word_1_217' title='bbox 964 3865 1075 3933; x_wconf 93' lang='lat' dir='ltr'>cibum</span> <span class='ocrx_word' id='word_1_218' title='bbox 1112 3865 1209 3953; x_wconf 88' lang='lat' dir='ltr'>iguis,</span> <span class='ocrx_word' id='word_1_219' title='bbox 1243 3865 1372 3933; x_wconf 88' lang='lat' dir='ltr'>inventi</span> <span class='ocrx_word' id='word_1_220' title='bbox 1383 3850 1511 3969; x_wconf 55' lang='lat' dir='ltr'>ffiffi</span> 
     </span>
     <span class='ocr_line' id='line_1_30' title="bbox 321 3965 1522 4056; baseline 0.001 -22"><span class='ocrx_word' id='word_1_221' title='bbox 321 3974 401 4034; x_wconf 88' lang='lat' dir='ltr'>sunt</span> <span class='ocrx_word' id='word_1_222' title='bbox 422 3969 578 4035; x_wconf 85' lang='lat' dir='ltr'>carbones</span> <span class='ocrx_word' id='word_1_223' title='bbox 600 3969 672 4034; x_wconf 91' lang='lat' dir='ltr'>vivi</span> <span class='ocrx_word' id='word_1_224' title='bbox 695 3989 795 4056; x_wconf 88' lang='lat' dir='ltr'>supra</span> <span class='ocrx_word' id='word_1_225' title='bbox 816 3989 934 4055; x_wconf 86' lang='lat' dir='ltr'>corpus</span> <span class='ocrx_word' id='word_1_226' title='bbox 956 3965 1168 4048; x_wconf 74' lang='lat' dir='ltr'>Confessoris,</span> <span class='ocrx_word' id='word_1_227' title='bbox 1191 3969 1371 4056; x_wconf 83' lang='lat' dir='ltr'>ingensque</span> <span class='ocrx_word' id='word_1_228' title='bbox 1384 3983 1522 4035; x_wconf 75' lang='lat' dir='ltr'>william’s</span> 
     </span>
     <span class='ocr_line' id='line_1_31' title="bbox 319 4050 1460 4156; baseline 0.004 -21"><span class='ocrx_word' id='word_1_229' title='bbox 319 4071 453 4136; x_wconf 89' lang='lat' dir='ltr'>flamma</span> <span class='ocrx_word' id='word_1_230' title='bbox 493 4069 649 4148; x_wconf 84' lang='lat' dir='ltr'>relucens,</span> <span class='ocrx_word' id='word_1_231' title='bbox 688 4069 783 4156; x_wconf 84' lang='lat' dir='ltr'>quasi</span> <span class='ocrx_word' id='word_1_232' title='bbox 829 4068 959 4135; x_wconf 84' lang='lat' dir='ltr'>follium</span> <span class='ocrx_word' id='word_1_233' title='bbox 1005 4069 1141 4136; x_wconf 90' lang='lat' dir='ltr'>flatibus</span> <span class='ocrx_word' id='word_1_234' title='bbox 1178 4070 1370 4139; x_wconf 88' lang='lat' dir='ltr'>instaurata.</span> <span class='ocrx_word' id='word_1_235' title='bbox 1383 4050 1460 4116; x_wconf 53' lang='lat' dir='ltr'>my·</span> 
     </span>
    </p>
   </div>
   <div class='ocr_carea' id='block_1_6' title="bbox 225 4171 1373 4259">
    <p class='ocr_par' dir='ltr' id='par_1_9' title="bbox 225 4171 1373 4259">
     <span class='ocr_line' id='line_1_32' title="bbox 225 4171 1373 4259; baseline 0 -21"><span class='ocrx_word' id='word_1_236' title='bbox 225 4243 227 4248; x_wconf 67' lang='lat'>,</span> <span class='ocrx_word' id='word_1_237' title='bbox 321 4172 466 4239; x_wconf 80' lang='lat' dir='ltr'>Cunctos</span> <span class='ocrx_word' id='word_1_238' title='bbox 489 4171 592 4258; x_wconf 88' lang='lat' dir='ltr'>igitur</span> <span class='ocrx_word' id='word_1_239' title='bbox 624 4171 667 4237; x_wconf 86' lang='lat' dir='ltr'>ad</span> <span class='ocrx_word' id='word_1_240' title='bbox 700 4171 869 4236; x_wconf 90' lang='lat' dir='ltr'>tumulum</span> <span class='ocrx_word' id='word_1_241' title='bbox 902 4171 1073 4237; x_wconf 86' lang='lat' dir='ltr'>venientes</span> <span class='ocrx_word' id='word_1_242' title='bbox 1107 4172 1223 4259; x_wconf 88' lang='lat' dir='ltr'>ingens</span> <span class='ocrx_word' id='word_1_243' title='bbox 1254 4173 1373 4253; x_wconf 87' lang='lat' dir='ltr'>luctus,</span> 
     </span>
    </p>
   </div>
   <div class='ocr_carea' id='block_1_7' title="bbox 320 4273 1373 4362">
    <p class='ocr_par' dir='ltr' id='par_1_10' title="bbox 320 4273 1373 4362">
     <span class='ocr_line' id='line_1_33' title="bbox 320 4273 1373 4362; baseline 0.001 -22"><span class='ocrx_word' id='word_1_244' title='bbox 320 4280 355 4340; x_wconf 89' lang='lat' dir='ltr'>et</span> <span class='ocrx_word' id='word_1_245' title='bbox 376 4274 608 4341; x_wconf 84' lang='lat' dir='ltr'>acerbanimis</span> <span class='ocrx_word' id='word_1_246' title='bbox 630 4273 824 4340; x_wconf 84' lang='lat' dir='ltr'>lamentatio</span> <span class='ocrx_word' id='word_1_247' title='bbox 847 4273 1146 4360; x_wconf 71' lang='lat' dir='ltr'>circumstrepebat,</span> <span class='ocrx_word' id='word_1_248' title='bbox 1162 4275 1373 4362; x_wconf 90' lang='lat' dir='ltr'>omniumque</span> 
     </span>
    </p>
   </div>
   <div class='ocr_carea' id='block_1_8' title="bbox 214 4371 1373 4464">
    <p class='ocr_par' dir='ltr' id='par_1_11' title="bbox 214 4371 1373 4464">
     <span class='ocr_line' id='line_1_34' title="bbox 214 4371 1373 4464; baseline 0.002 -22"><span class='ocrx_word' id='word_1_249' title='bbox 214 4371 218 4378; x_wconf 80' lang='grc'><strong>’</strong></span> <span class='ocrx_word' id='word_1_250' title='bbox 319 4377 387 4443; x_wconf 81' lang='lat' dir='ltr'>fuit</span> <span class='ocrx_word' id='word_1_251' title='bbox 408 4377 521 4464; x_wconf 91' lang='lat' dir='ltr'>opinio</span> <span class='ocrx_word' id='word_1_252' title='bbox 544 4375 633 4462; x_wconf 88' lang='lat' dir='ltr'>quod</span> <span class='ocrx_word' id='word_1_253' title='bbox 656 4397 731 4442; x_wconf 89' lang='lat' dir='ltr'>caro</span> <span class='ocrx_word' id='word_1_254' title='bbox 753 4376 881 4462; x_wconf 89' lang='lat' dir='ltr'>pridem</span> <span class='ocrx_word' id='word_1_255' title='bbox 903 4381 982 4442; x_wconf 88' lang='lat' dir='ltr'>ante</span> <span class='ocrx_word' id='word_1_256' title='bbox 1005 4397 1121 4462; x_wconf 89' lang='lat' dir='ltr'>rogum</span> <span class='ocrx_word' id='word_1_257' title='bbox 1143 4375 1180 4442; x_wconf 90' lang='lat' dir='ltr'>iu</span> <span class='ocrx_word' id='word_1_258' title='bbox 1198 4377 1373 4464; x_wconf 86' lang='lat' dir='ltr'>&#39;pulverem</span> 
     </span>
    </p>
   </div>
   <div class='ocr_carea' id='block_1_9' title="bbox 318 4479 1539 4790">
    <p class='ocr_par' dir='ltr' id='par_1_12' title="bbox 318 4479 1539 4790">
     <span class='ocr_line' id='line_1_35' title="bbox 320 4479 1371 4568; baseline 0.003 -22"><span class='ocrx_word' id='word_1_259' title='bbox 320 4480 522 4557; x_wconf 88' lang='lat' dir='ltr'>defluxisset,</span> <span class='ocrx_word' id='word_1_260' title='bbox 544 4485 580 4544; x_wconf 89' lang='lat' dir='ltr'>et</span> <span class='ocrx_word' id='word_1_261' title='bbox 611 4480 700 4565; x_wconf 91' lang='lat' dir='ltr'>quod</span> <span class='ocrx_word' id='word_1_262' title='bbox 726 4500 816 4546; x_wconf 91' lang='lat' dir='ltr'>nunc</span> <span class='ocrx_word' id='word_1_263' title='bbox 838 4500 913 4546; x_wconf 88' lang='lat' dir='ltr'>ossa</span> <span class='ocrx_word' id='word_1_264' title='bbox 942 4479 1045 4546; x_wconf 88' lang='lat' dir='ltr'>cineri</span> <span class='ocrx_word' id='word_1_265' title='bbox 1067 4499 1166 4566; x_wconf 90' lang='lat' dir='ltr'>rogus</span> <span class='ocrx_word' id='word_1_266' title='bbox 1198 4489 1371 4568; x_wconf 82' lang='lat' dir='ltr'>erogasset.</span> 
     </span>
     <span class='ocr_line' id='line_1_36' title="bbox 320 4583 1486 4676; baseline 0.003 -25"><span class='ocrx_word' id='word_1_267' title='bbox 320 4583 387 4651; x_wconf 86' lang='lat' dir='ltr'>Sed</span> <span class='ocrx_word' id='word_1_268' title='bbox 409 4584 484 4650; x_wconf 77' lang='lat' dir='ltr'>fons</span> <span class='ocrx_word' id='word_1_269' title='bbox 507 4584 650 4670; x_wconf 88' lang='lat' dir='ltr'>irriguus</span> <span class='ocrx_word' id='word_1_270' title='bbox 673 4584 796 4671; x_wconf 91' lang='lat' dir='ltr'>dequo</span> <span class='ocrx_word' id='word_1_271' title='bbox 818 4604 914 4671; x_wconf 87' lang='lat' dir='ltr'>aquae</span> <span class='ocrx_word' id='word_1_272' title='bbox 936 4583 1024 4651; x_wconf 85' lang='lat' dir='ltr'>vivae</span> <span class='ocrx_word' id='word_1_273' title='bbox 1048 4590 1213 4665; x_wconf 88' lang='lat' dir='ltr'>emanant,</span> <span class='ocrx_word' id='word_1_274' title='bbox 1228 4589 1371 4676; x_wconf 91' lang='lat' dir='ltr'>purique</span> <span class='ocrx_word' id='word_1_275' title='bbox 1382 4600 1486 4656; x_wconf 70' lang='lat' dir='ltr'>Bottia</span> 
     </span>
     <span class='ocr_line' id='line_1_37' title="bbox 318 4669 1539 4790; baseline 0.005 -36"><span class='ocrx_word' id='word_1_276' title='bbox 318 4687 433 4754; x_wconf 87' lang='lat' dir='ltr'>latices</span> <span class='ocrx_word' id='word_1_277' title='bbox 465 4687 505 4752; x_wconf 90' lang='lat' dir='ltr'>de</span> <span class='ocrx_word' id='word_1_278' title='bbox 537 4687 609 4752; x_wconf 89' lang='lat' dir='ltr'>vita</span> <span class='ocrx_word' id='word_1_279' title='bbox 642 4692 768 4754; x_wconf 82' lang='lat' dir='ltr'>aeterna</span> <span class='ocrx_word' id='word_1_280' title='bbox 801 4687 965 4776; x_wconf 82' lang='lat' dir='ltr'>salientes,</span> <span class='ocrx_word' id='word_1_281' title='bbox 996 4689 1043 4755; x_wconf 90' lang='lat' dir='ltr'>sic</span> <span class='ocrx_word' id='word_1_282' title='bbox 1075 4688 1188 4756; x_wconf 89' lang='lat' dir='ltr'>afflata</span> <span class='ocrx_word' id='word_1_283' title='bbox 1218 4676 1372 4759; x_wconf 84' lang='lat' dir='ltr'>incendia</span> <span class='ocrx_word' id='word_1_284' title='bbox 1382 4669 1539 4790; x_wconf 56' lang='grc' dir='ltr'>ξῗξξῗζξξῗ</span> 
     </span>
    </p>
   </div>
   <div class='ocr_carea' id='block_1_10' title="bbox 318 4789 1482 4879">
    <p class='ocr_par' dir='ltr' id='par_1_13' title="bbox 318 4789 1482 4879">
     <span class='ocr_line' id='line_1_38' title="bbox 318 4789 1482 4879; baseline -0.001 -23"><span class='ocrx_word' id='word_1_285' title='bbox 318 4789 493 4856; x_wconf 86' lang='lat' dir='ltr'>Divinitus</span> <span class='ocrx_word' id='word_1_286' title='bbox 514 4791 753 4878; x_wconf 84' lang='lat' dir='ltr'>temperabant,</span> <span class='ocrx_word' id='word_1_287' title='bbox 777 4795 817 4856; x_wconf 92' lang='lat' dir='ltr'>ut</span> <span class='ocrx_word' id='word_1_288' title='bbox 840 4791 943 4859; x_wconf 87' lang='lat' dir='ltr'>serica</span> <span class='ocrx_word' id='word_1_289' title='bbox 960 4791 1063 4858; x_wconf 87' lang='lat' dir='ltr'>vestis</span> <span class='ocrx_word' id='word_1_290' title='bbox 1086 4792 1122 4857; x_wconf 89' lang='lat' dir='ltr'>in</span> <span class='ocrx_word' id='word_1_291' title='bbox 1141 4813 1209 4879; x_wconf 88' lang='lat' dir='ltr'>qua</span> <span class='ocrx_word' id='word_1_292' title='bbox 1230 4793 1370 4862; x_wconf 77' lang='lat' dir='ltr'>caleatis</span> <span class='ocrx_word' id='word_1_293' title='bbox 1384 4806 1482 4857; x_wconf 73' lang='lat' dir='ltr'>sumes.</span> 
     </span>
    </p>
   </div>
   <div class='ocr_carea' id='block_1_11' title="bbox 0 0 1808 5798">
    <p class='ocr_par' dir='ltr' id='par_1_14' title="bbox 0 0 1808 5798">
     <span class='ocr_line' id='line_1_39' title="bbox 0 0 1808 5798; baseline 0 1"><span class='ocrx_word' id='word_1_294' title='bbox 0 0 1808 5798; x_wconf 95' lang='lat' dir='ltr'> </span> 
     </span>
    </p>
   </div>
  </div>
 </body>
</html>
