3538 5800
643 917 802 969 auoroau
825 915 1001 966 cinnano.
1295 899 1337 963 43

285 1108 358 1176 Deo
391 1106 588 1186 exhibuisse,
612 1129 672 1195 pro
704 1128 769 1194 quo
802 1105 894 1172 Deus
926 1105 963 1169 in
996 1125 1097 1192 regno
1130 1103 1197 1170 Suc
1229 1103 1265 1168 id
1287 1101 1493 1167 illiThemira-

285 1215 511 1298 recompensat
543 1210 677 1276 honoris
715 1208 804 1296 quod
836 1207 902 1274 toti
934 1206 1013 1274 caelo
1044 1207 1175 1294 ingerat
1205 1173 1472 1290 caussmssffiss
1484 1255 1500 1290 a

284 1335 380 1380 novae
417 1311 641 1378 exultationis.
688 1312 734 1376 Et
770 1311 874 1376 istum
910 1309 1044 1396 quidem
1076 1308 1234 1374 honorem
1269 1307 1337 1373 Suo
1350 1307 1497 1424 tglggsshfflat

286 1416 406 1484 dilecto
428 1437 468 1483 ac
490 1415 582 1481 fideli
606 1414 757 1482 dilectori
791 1412 948 1479 Oswaldo
980 1412 1148 1490 concessit,
1182 1411 1338 1497 quoniam
1351 1441 1472 1504 accepted
1533 1431 1535 1436 ·

285 1520 329 1586 ad
344 1517 623 1604 comprobandum
646 1517 767 1582 merita
788 1515 869 1601 ejus
892 1514 1000 1580 multa
1031 1537 1091 1601 per
1122 1535 1198 1579 eum
1231 1505 1506 1579 virtudisservice.

286 1627 360 1688 tum
382 1619 527 1707 insignia
548 1624 624 1706 post
645 1618 774 1684 obitum
804 1617 897 1682 illius
930 1616 1058 1703 operari
1090 1615 1246 1702 dignatus
1281 1619 1338 1681 est.

288 1723 435 1805 Quorum
457 1721 521 1789 hoc
535 1721 641 1809 primo
655 1721 726 1788 loco
741 1719 895 1808 ponimus
919 1719 1046 1806 quasia
1069 1718 1256 1786 sanctuario
1279 1741 1339 1784 suo

286 1826 365 1894 hinc
386 1824 560 1891 exordium
580 1823 738 1891 namandi
761 1843 938 1888 sumamus.

333 1942 361 2004 1.
385 1938 502 2003 Frater
540 1937 675 2023 quidam
714 1935 939 2022 Wigomensis
978 1933 1121 2000 ecclesiae
1159 1935 1467 2000 monachusAmonk
1483 1941 1515 1990 of

288 2039 445 2107 acerrima
480 2037 571 2104 febre
608 2037 833 2124 torquebatur.
895 2035 1048 2120 Namque
1083 2035 1179 2102 modo
1210 2036 1338 2123 frigore,
1352 2009 1508 2125 ζζξῗξέξξ

288 2143 385 2208 modo
407 2163 483 2208 cum
505 2139 650 2207 afficiens
685 2140 800 2206 eadem
838 2139 939 2204 febris
973 2137 1190 2204 immoderato
1225 2139 1340 2218 calore,

288 2265 381 2332 paene
404 2243 543 2332 singulis
565 2243 656 2308 horis
678 2263 782 2328 usqua
805 2241 849 2307 ad
870 2239 982 2306 ultimi
1006 2240 1143 2327 spiritus
1159 2241 1342 2307 exhalatio-

288 2369 365 2413 nem
397 2345 611 2432 defatigabat.
657 2343 703 2410 Et
733 2345 840 2421 miser,
873 2344 1024 2430 quamvis
1056 2343 1092 2407 in
1124 2343 1243 2431 frigore
1278 2345 1342 2410 sibi

289 2447 428 2516 calorem
451 2452 486 2512 et
508 2447 544 2511 in
567 2446 674 2513 calore
696 2446 802 2534 frigus
824 2446 938 2511 adesse
961 2449 1100 2531 optaret,
1113 2450 1236 2510 'tamen
1250 2451 1341 2511 tran-

290 2551 392 2617 situm
414 2550 514 2614 unius
537 2548 574 2613 in
596 2548 740 2615 alterum
762 2548 888 2614 vicaria
911 2546 1113 2613 successione
1145 2547 1217 2612 fieri
1248 2548 1284 2612 in
1307 2571 1342 2614 se

290 2672 494 2737 summopere
527 2649 749 2736 perhorrebat.
796 2649 914 2734 Itaque
953 2647 1161 2714 cruciabatur
1192 2649 1341 2735 utrisque

290 2753 455 2841 permixto
478 2751 598 2830 dolore,
621 2751 679 2838 qui
710 2751 795 2816 nihil
827 2749 1023 2816 substantiae
1058 2771 1126 2816 suae
1158 2771 1342 2817 vacuama

290 2857 437 2924 cruciatu
459 2855 674 2943 relinquebas
722 2855 812 2936 Quid
833 2859 954 2942 ageret,
976 2875 1073 2939 quem
1095 2854 1138 2920 ad
1153 2876 1341 2922 succurren-

291 2959 371 3024 dum
403 2958 524 3024 anxius
558 2957 792 3045 interpellaret,
815 2958 998 3046 ignorabat
1043 2957 1163 3024 Medici
1195 2958 1342 3036 aderant,

291 3062 509 3130 medicamina
546 3061 678 3128 diversa
711 3061 912 3148 praebebant,
945 3085 1023 3129 nam
1061 3063 1224 3148 pretiosus
1256 3063 1343 3128 inter

291 3165 365 3230 illos
379 3164 573 3242 habebatur,
595 3163 654 3228 sed
675 3162 774 3227 nihili
797 3162 1009 3249 profecerant.
1055 3163 1164 3250 Igitur
1185 3185 1253 3229 uno
1275 3164 1344 3229 die-

292 3289 365 3332 rum
388 3265 468 3332 dum
486 3266 558 3353 jam
581 3287 615 3330 se
637 3287 706 3352 pree
728 3265 833 3331 nimia
854 3265 1042 3333 vexationis
1075 3265 1226 3332 molestia
1257 3265 1344 3331 ferre

292 3369 451 3455 nequiret,
474 3373 514 3433 ut
535 3368 579 3433 ad
602 3368 752 3433 tumbam
775 3367 957 3432 beatissimi
979 3368 1084 3454 patris
1108 3367 1254 3434 Oswaldi
1269 3391 1343 3455 per-

293 3472 466 3538 duceretur
488 3470 610 3537 obnixe
632 3469 771 3556 rogavit.
818 3467 915 3549 Quod
946 3469 1005 3535 ubi
1036 3469 1160 3537 factum
1193 3475 1251 3548 est,
1274 3469 1470 3536 solol⁶⁰1¹10<1
1481 3477 1507 3520 at

291 3577 475 3662 prostratus
508 3571 661 3659 precibus
692 3570 846 3638 incubuit
868 3569 933 3664 iis,1
963 3571 1128 3650 videlicet,
1164 3595 1245 3660 quas
1278 3573 1342 3638 sibi
1356 3537 1440 3654 3331
1441 3537 1480 3586 (γ’

292 3675 439 3742 dictabat
460 3673 656 3761 magnitudo
679 3671 799 3738 doloris
833 3694 899 3759 quo
929 3674 1124 3753 vexabatur,
1147 3681 1182 3742 et
1216 3675 1343 3741 deside·

291 3779 377 3843 rium
414 3777 568 3843 sanitatis
614 3776 844 3863 recuperandae
894 3797 959 3862 quo
997 3769 1200 3864 raptabatur.
1272 3780 1344 3845 Neo

292 3901 401 3960 mora;
422 3900 502 3944 nam
535 3900 603 3944 non
625 3879 717 3966 prius
739 3879 783 3943 ab
814 3879 962 3944 oratione
996 3880 1142 3945 smrexit
1176 3903 1277 3968 quam
1309 3904 1344 3947 se

292 3981 513 4068 integerrimae
544 3979 684 4046 sanitati
717 3980 912 4045 restitutum
944 3979 1121 4046 intellexit.
1168 3981 1221 4060 Et,
1256 3985 1343 4068 quod

292 4084 376 4150 forte
398 4083 502 4169 magis
525 4088 666 4168 stupeas,
683 4081 732 4147 ita
755 4081 916 4168 pristinus
939 4082 1041 4168 vigor,
1059 4088 1094 4147 et
1109 4083 1166 4170 qui
1182 4085 1219 4148 in
1241 4085 1347 4170 pallo·

293 4209 361 4252 rem
383 4207 498 4251 versus
520 4183 629 4250 fuerat
651 4182 739 4250 color
753 4183 868 4249 vultus
883 4183 1104 4272 ejusrepente
1126 4186 1163 4251 in
1178 4187 1345 4274 integrum

293 4289 399 4366 rediit,
423 4293 463 4353 ut
486 4287 637 4352 Eundem
660 4286 775 4373 Ipsum
798 4309 865 4352 non
887 4287 1070 4374 ambigeres
1085 4289 1115 4354 ei
1132 4289 1234 4356 Suam
1250 4312 1345 4378 opem

293 4390 470 4458 contulisse
494 4389 601 4470 Quem
624 4409 751 4454 socrum
775 4388 865 4454 Petri
897 4389 1052 4456 novimus
1085 4412 1106 4456 a
1137 4392 1239 4458 simili
1273 4393 1345 4459 lan-

293 4513 394 4580 guore
425 4491 590 4578 eripuisse.
637 4487 722 4556 Ast2
753 4489 811 4556 alii
849 4490 977 4570 fratres,
1015 4493 1183 4560 intuentes
1217 4495 1254 4559 in
1287 4495 1345 4561 illo

293 4595 394 4660 fratre
417 4599 487 4659 tam
510 4593 656 4658 subitam
679 4597 713 4658 et
735 4593 899 4680 integram
922 4595 1135 4674 curationem,
1168 4598 1266 4664 valdo
1289 4599 1346 4666 lae·

329 4837 522 4906 1fflmm
814 4837 1076 4908 t²wuffi
