3606 5798
427 894 492 958 228
626 907 758 960 nmrra
780 909 875 959 raon
898 907 1117 960 raonsunor
1139 907 1256 958 arura

427 1539 583 1630 Epistola
605 1537 750 1626 Rodutfi
774 1537 1017 1626 archiepiscopi
1051 1536 1314 1605 Oautoardenarb
1346 1535 1477 1605 aalma

513 1663 614 1730 popae
635 1642 751 1720 misso,
774 1641 945 1728 perorantis
968 1641 1009 1708 do
1030 1639 1173 1726 tardum
1194 1639 1263 1706 eibi
1285 1646 1315 1706 ot
1337 1639 1477 1706 orosa

518 1742 765 1810 Gomoordmse'
779 1742 882 1810 illoto
903 1743 945 1809 to
966 1741 1212 1808 consecratione
1226 1739 1478 1828 archiepiscopi,

517 1853 547 1913 ot
569 1845 684 1912 causta
705 1843 845 1916 eoolem'ae
867 1842 1097 1910 Etmaoeuar'a
1149 1919 1160 1930 p

256 2026 401 2077 sanuses
474 2008 750 2075 Reverentissimo
766 2007 899 2074 domino
914 2013 949 2074 et
963 2008 1059 2074 unice
1074 2008 1210 2076 oolendo
1232 2009 1329 2094 patri,
1352 2029 1480 2073 summo

258 2092 578 2211 {fflgjpontifioi
624 2108 766 2188 Oaiixto,
801 2115 836 2174 et
867 2109 1031 2174 universae
1065 2115 1188 2176 sanotae
1214 2115 1249 2175 et
1282 2109 1480 2196 Apostolioae

427 2213 570 2280 eoelesiae
593 2211 760 2289 Romam,
792 2209 955 2276 Radulfus
987 2209 1238 2277 Cantuariensis
1267 2211 1481 2298 arehiepisoo·

426 2338 497 2403 pus,
521 2321 555 2380 et
578 2320 651 2381 tota
673 2313 810 2380 eeclesia
832 2311 1090 2391 Cantuariensis
1106 2314 1143 2378 in
1165 2312 1310 2380 Domino
1330 2312 1481 2391 salutem,

426 2423 461 2484 et
483 2416 630 2482 debitam
661 2415 907 2501 subjectionem.

257 2511 404 2578 Complura
473 2519 647 2598 Quoniam,
685 2515 895 2603 exigentibus
933 2515 1030 2581 malis
1067 2516 1197 2594 nostris,
1229 2537 1317 2583 nova
1348 2516 1481 2602 quidem

256 2579 415 2698 3ξὲξῖῗὲ
427 2619 630 2705 temporibus
660 2617 714 2682 his
747 2617 890 2684 eeclesiae
931 2616 1173 2696 Cautuariensi,
1204 2623 1239 2684 et
1270 2618 1314 2684 ab
1348 2618 1481 2684 exordio
1532 2637 1535 2643 “

256 2711 393 2830 {iffi-ff
428 2719 690 2786 Christianitatis
720 2718 905 2805 Anglorum
940 2718 1099 2797 inaudita,
1130 2719 1335 2786 subintravit
1365 2719 1481 2786 adver·

321 2883 327 2895 ,
428 2825 518 2900 sitas,
539 2821 605 2888 alio
628 2821 725 2888 modo
742 2821 813 2906 jam
837 2841 936 2906 quam
958 2821 1047 2907 prior
1069 2841 1149 2886 usus
1170 2825 1249 2900 erat,
1272 2825 1392 2889 vestras
1414 2843 1482 2888 nra·

422 2925 555 3010 jestatis
577 2923 702 3009 alloqui
728 2922 958 3010 praesumimus
988 2921 1228 3000 exoellentiam‚
1251 2944 1270 2988 ο
1293 2923 1480 2990 beatissime

427 3025 568 3105 domine,
592 3031 627 3090 et
648 3024 745 3091 unire
767 3024 902 3091 oolende
924 3029 1037 3110 pater!
1083 3022 1243 3111 Cogimur
1273 3045 1417 3111 namquo
1438 3025 1480 3089 ad

395 3117 398 3122 ’
427 3127 583 3213 querelae.
630 3125 761 3192 Viderit
798 3113 889 3191 Deus
930 3147 1062 3193 eausam
1107 3127 1252 3194 ecclesia
1298 3126 1384 3206 Suae,
1415 3125 1480 3206 Qui

427 3235 537 3295 mutat
559 3235 594 3295 et
616 3228 748 3295 ordinat
779 3229 891 3294 omnia
923 3233 1025 3315 prout
1057 3227 1133 3315 Ipse
1159 3230 1264 3296 novit
1310 3229 1480 3316 Siquidem

255 3313 383 3366 ruerem
428 3353 470 3398 ex
492 3353 558 3417 quo
580 3331 698 3396 beatus
720 3335 815 3416 pater
838 3329 1014 3417 Gregorius
1030 3334 1181 3396 sanatum
1204 3336 1239 3396 et
1261 3329 1481 3397 venerabilem

256 3380 325 3432 tione
333 3380 416 3433 whiah

119 3442 124 3449 '
256 3445 390 3498 havesuo
428 3435 538 3498 virum
560 3433 787 3520 Augustinum
809 3432 853 3497 ad
874 3432 1121 3518 praedicandum
1144 3433 1275 3520 populis
1297 3433 1480 3520 Anglorum

256 3513 387 3630 {iffibff
426 3535 617 3612 destinavit,
649 3534 685 3597 in
716 3533 989 3600 consuetudinem
1023 3533 1191 3621 religionis
1225 3535 1370 3614 devenit,
1401 3555 1481 3620 qua·

254 3646 399 3696 Romeanu
427 3643 525 3702 tenus
557 3635 748 3723 Apostolioa
779 3637 871 3702 sedes
903 3636 1061 3722 quioquid
1093 3636 1278 3722 dignitatis,
1310 3636 1481 3722 primatuS,

256 3711 414 3778 &aarum
427 3747 461 3805 et
483 3739 649 3826 privilegii
672 3737 833 3806 catholico
855 3743 891 3804 et
920 3739 1076 3806 canonico
1098 3760 1187 3804 more
1210 3739 1357 3817 deoebat,
1380 3738 1481 3806 eoele-

256 3845 360 3894 timeor
426 3843 484 3908 siae
509 3841 741 3907 Cantuariensi
756 3840 983 3927 impenderet;
1013 3847 1048 3906 et
1063 3839 1203 3908 ecelesia
1223 3839 1481 3918 Cantuariensisr,

258 3909 381 3976 GW·
428 3943 585 4030 quicquid
616 3941 824 4020 huminous,
856 3941 1081 4028 subjectionis,
1115 3947 1150 4008 a
1180 3941 1258 4010 fidei
1294 3941 1482 4009 christiano

427 4051 462 4113 et
484 4045 701 4114 eedesiassioo
719 4044 795 4130 jure
826 4043 971 4123 deoebat,
994 4044 1195 4131 Apostolioae
1217 4043 1290 4110 sedi
1321 4050 1482 4131 perpetua

255 4149 416 4220 eanterbury
428 4148 610 4216 stabilitate
633 4146 777 4214 referret.
824 4145 865 4210 Id
887 4145 1021 4211 firmum
1044 4151 1079 4212 et
1112 4145 1280 4213 illibatum
1312 4153 1481 4214 servatum

254 4217 406 4349 mam
427 4255 485 4328 est,
518 4255 655 4335 excepto
693 4247 782 4334 quod
820 4245 1002 4334 stigandus
1040 4247 1177 4334 quidam
1220 4247 1321 4335 hujus
1358 4255 1481 4317 sanctu

254 4349 345 4411 aomo,
427 4349 674 4416 Cantuariensis
712 4347 862 4426 eodesiae,
885 4353 1000 4416 eontra
1023 4350 1213 4416 sanonioarn
1246 4355 1281 4416 et
1314 4351 1480 4438 propriam

251 4425 408 4535 ξῗὲἶξζθωος
427 4451 707 4527 consuetudinem,
730 4450 946 4537 praesulatum
969 4451 1101 4530 invasit,
1125 4451 1184 4537 qui
1205 4456 1355 4537 tempore
1377 4453 1480 4519 Alex-

256 4547 369 4614 sagana.
426 4551 523 4658 andri
555 4550 697 4618 Secundi
742 4549 859 4637 papae,1
891 4551 1122 4619 assistentibus
1166 4551 1391 4619 sardinalibua
1435 4553 1480 4621 ab

457 4751 465 4783 ¹
484 4750 540 4800 The
562 4751 632 4800 word
648 4763 721 4815 papo
744 4746 764 4798 is
786 4747 925 4814 uniformly
972 4763 1042 4800 some
1062 4749 1132 4815 early
1151 4749 1306 4800 Protestant
1342 4749 1479 4803 Occasion-

421 4831 509 4882 erased
530 4829 557 4880 in
577 4827 629 4881 this
649 4827 715 4890 MS„
733 4842 768 4880 no
788 4827 868 4880 doubt
889 4829 925 4894 by
970 4827 1022 4894 ally
1034 4829 1163 4896 episoma
1173 4829 1196 4880 ir
1207 4827 1360 4882 mbstituted
1372 4828 1411 4881 for
1422 4829 1452 4882 it.
