3530 5790
611 906 849 955 aucumsuors
872 907 916 954 or
938 905 1042 954 roua.
1285 893 1349 960 329

296 1099 339 1162 ad
362 1099 531 1174 visionem,
547 1103 581 1162 et
603 1097 742 1162 intentis
765 1096 801 1160 in
823 1097 982 1162 Sanctum
1005 1099 1068 1164 Dei
1092 1098 1203 1174 oculis,
1225 1107 1350 1178 gloriam

296 1209 453 1281 participor
475 1199 608 1263 Divinae
630 1207 760 1263 visionis.
807 1199 848 1262 In
864 1205 1095 1286 argumentum
1112 1207 1224 1266 autem
1247 1205 1351 1264 iantae

298 1301 495 1367 temeritatis
526 1299 734 1364 contrahitur
770 1299 871 1366 iacies
905 1300 976 1385 ejus
1010 1310 1041 1364 in
1071 1328 1176 1382 rogem
1199 1301 1286 1366 sicut
1308 1301 1351 1364 ab

298 1403 428 1468 ustione
451 1402 545 1489 ignis
594 1402 638 1466 Et
660 1401 756 1466 velut
778 1423 936 1468 convorsa
970 1403 1006 1466 in
1038 1404 1212 1469 carbonem
1244 1423 1348 1478 carne,

298 1527 432 1591 poenam
455 1513 569 1585 excepit
594 1512 767 1570 temeritatis
799 1511 898 1569 illatae.
945 1504 1011 1569 Sed
1045 1505 1124 1590 quia
1155 1504 1240 1570 nihil
1274 1525 1349 1569 eum

299 1608 401 1674 latere
424 1612 555 1692 poterat
576 1627 651 1672 cum
674 1627 740 1691 quo
773 1611 845 1670 erat
867 1607 924 1692 qui
948 1608 1059 1671 omnia
1091 1611 1237 1684 noverat
1261 1615 1352 1670 sensit

132 1719 249 1780 Foloarss,
299 1709 387 1774 illico
409 1729 468 1795 per
490 1707 653 1792 Spiritum
677 1705 836 1772 Sanctum
860 1717 983 1772 Sanctus
1006 1717 1061 1772 Dei
1086 1717 1240 1774 diaconum
1262 1717 1350 1789 purti-

132 1802 156 1850 P·
170 1790 226 1834 ²⁵⁸·
300 1809 394 1879 cipem
416 1806 548 1871 visionis,
581 1806 770 1882 accitumque
804 1805 842 1862 ad
873 1823 903 1862 ae
931 1811 1013 1864 tactu
1042 1807 1186 1864 emaculat
1216 1806 1351 1872 dextero,

300 1896 515 1968 compositaque
537 1895 569 1950 in
592 1895 750 1968 pristinum
773 1894 905 1952 decorem
938 1895 1021 1963 faeie,
1046 1897 1186 1962 obsecrat,
1210 1901 1349 1968 protesta-

301 1993 359 2052 tur,
382 1985 508 2057 onnia,
531 2003 580 2051 ne,
604 1984 698 2058 quoad
725 1983 841 2056 ipsein
873 1984 927 2040 hae
960 1985 1023 2041 rita
1055 1984 1177 2052 viveret,
1208 1984 1352 2042 visionem

301 2076 383 2130 illam
405 2074 493 2130 alicui
515 2073 684 2129 mortalium
707 2073 862 2144 detegeret.

346 2163 420 2220 Gnm
443 2160 555 2219 autern
578 2163 684 2218 Beatus
708 2161 856 2220 iohannes
875 2153 918 2218 ud
942 2151 1094 2218 ultimam
1117 2175 1221 2240 usque
1244 2175 1352 2218 senec·
1367 2157 1459 2236 Jouu’s

301 2261 408 2321 tutem
431 2255 599 2322 ecclesiam
624 2254 861 2321 eboracensem
883 2253 1115 2340 gloriosissime
1147 2255 1295 2332 rexisset,
1318 2231 1511 2351 etfflfffi

301 2357 562 2424 administrando
584 2353 866 2438 archiepiscopatui¹
896 2365 994 2420 minus
1017 2364 1168 2430 sufficeret,
1193 2355 1296 2422 eleeto
1318 2361 1353 2419 et
1366 2359 1434 2408 AD·
1448 2359 1504 2432 ⁷21·

301 2469 435 2524 ordinato
457 2480 517 2545 pro
540 2480 574 2524 se
597 2479 671 2524 cum
695 2457 799 2522 totius
821 2456 900 2524 oleri
923 2463 957 2522 et
984 2456 1097 2543 pepuli
1130 2455 1352 2522 unanimitate

301 2561 476 2628 adsedem
501 2559 715 2627 Eboracenaie
738 2558 880 2624 eeclesiae
903 2567 1041 2624 wilfrido
1063 2558 1242 2644 capellano,
1275 2585 1351 2639 pres-

303 2671 403 2743 bytero
426 2689 488 2736 sno,
512 2663 551 2726 de
575 2682 640 2747 quo
663 2660 813 2746 superius
836 2660 962 2726 dictum
986 2667 1045 2738 eat,
1067 2669 1130 2740 ipse
1152 2661 1188 2724 in
1210 2675 1352 2724 monoste-

304 2773 379 2827 rium
402 2791 497 2839 suum,
521 2773 598 2844 quod
630 2763 720 2848 apud
751 2762 965 2828 Beverlaoum
997 2762 1203 2840 fundaverat,
1226 2771 1353 2836 secessit,

302 2874 399 2946 ibique
422 2871 564 2950 quatuor
585 2865 681 2930 anuis
704 2865 741 2928 in
763 2863 912 2950 angelica
941 2865 1189 2929 conversatione
1223 2864 1352 2950 degens,

303 2967 534 3032 miraculorum
556 2966 661 3052 gloria
683 2965 832 3051 insignis,
855 2986 959 3031 nonas
982 2965 1064 3030 Maii
1086 2966 1192 3030 vitam
1215 2964 1355 3030 feliciter

302 3069 424 3149 finivit,
447 3067 684 3154 sepultusque2
707 3067 754 3133 ibi
777 3069 813 3132 in
836 3068 978 3145 ecclesia,
995 3073 1119 3133 extunc
1141 3089 1244 3154 usque
1266 3089 1355 3132 nunc
1368 3074 1515 3124 lsinterred

303 3193 431 3256 semper
452 3170 602 3257 gloriosis
625 3189 692 3234 non
710 3175 815 3234 cessat
830 3169 998 3254 publicare
1014 3169 1205 3247 virtutibus,
1222 3170 1355 3236 functus
1368 3141 1499 3272 &w

304 3275 495 3360 episcopatu
536 3273 654 3337 xxxiii.
692 3271 789 3336 annis
834 3277 870 3336 et
900 3272 970 3338 viii.
1002 3271 1169 3337 mensibus
1203 3277 1238 3338 et
1286 3273 1356 3336 xiii.
1370 3274 1495 3324 Mirones.

305 3375 427 3440 diebus.
496 3373 577 3438 Fuit
619 3377 733 3438 autern
771 3373 894 3438 Beatus
939 3371 1110 3438 lohannes
1154 3373 1358 3459 temporibus

304 3477 426 3542 Aifridi
448 3477 534 3562 regis
554 3483 603 3540 et
626 3475 752 3551 Osredi,
777 3473 927 3552 Gonredi,
951 3479 987 3539 et
1009 3475 1123 3551 Osrioi,
1148 3475 1242 3560 cujus
1264 3477 1357 3562 regni

303 3579 466 3665 principio
502 3577 660 3664 migravit
696 3576 739 3640 ad
777 3575 965 3652 Dominum,
1003 3597 1091 3641 anno
1122 3577 1357 3644 incarnacionis

305 3680 440 3748 Domini
464 3695 605 3746 oocxxl.

451 3869 507 3934 Du
530 3867 716 3934 Winsomo
738 3865 899 3932 Juruour
921 3864 1215 3932 memmenni

350 4009 472 4076 Sextus
509 4007 722 4075 Eboracensie
756 4005 899 4073 eeclesiae
933 4007 1079 4092 regimen
1109 4008 1253 4094 suscepit
1275 4007 1357 4074 Wil-
1370 4002 1476 4120 fflfgd

305 4111 413 4176 fridus
435 4112 564 4190 «Iunior,
588 4111 629 4174 de
652 4109 738 4175 clero
761 4115 796 4173 et
818 4107 1043 4194 discipulatu⁴
1066 4109 1162 4174 Beati
1184 4109 1358 4188 Johannre,
1370 4137 1439 4185 Ar).
1452 4138 1509 4185 713,

307 4213 378 4298 ejus
400 4211 588 4298 capellanus
610 4209 806 4296 presbyter.⁵

340 4415 349 4448 ¹
367 4413 608 4480 orciupixopom]
645 4411 809 4478 episcopatui,
860 4411 954 4465 Sancto
966 4410 1086 4462 Wilirido
1098 4413 1117 4464 J
1118 4411 1206 4464 uniora
1222 4415 1359 4482 archiepis-

307 4495 338 4546 Β.
351 4495 380 4546 C.
392 4495 422 4544 ii.
435 4495 465 4544 F.
480 4495 512 4544 G.
860 4506 925 4554 copo
937 4489 1099 4540 Eboraeensi.

893 4568 904 4600 ⁴
920 4567 1085 4636 discipulatu]
1104 4568 1274 4635 disciplinatu,
1285 4573 1317 4624 B.
1330 4574 1359 4626 C.

860 4649 894 4700 D.
906 4649 937 4698 Ε.
949 4649 979 4698 F.
992 4647 1024 4700 G.

892 4727 902 4759 ⁵
920 4728 973 4790 ejus
979 4725 1125 4792 capellanus
1130 4727 1274 4796 presbyter]
1286 4731 1360 4794 cujus

340 4810 351 4840 ³
369 4807 400 4855 In
424 4809 455 4858 Β.
480 4805 509 4857 C.
533 4807 566 4855 D.
586 4805 628 4856 the
651 4805 707 4856 title
729 4804 752 4856 ia
769 4805 809 4857 Da
860 4805 1007 4870 capellanus
1017 4806 1076 4867 fuit,
1088 4806 1139 4866 G.;
1157 4807 1215 4868 fuit,
1227 4810 1259 4859 B.
1271 4811 1300 4862 C.
1312 4811 1342 4862 F.

341 4609 352 4642 ¹
367 4607 539 4675 sepultusque]
569 4615 608 4658 est
628 4609 675 4657 ina.
698 4607 745 4668 E.;
771 4621 809 4658 sc·

307 4704 393 4768 pultua
403 4709 451 4764 eat,
463 4701 493 4753 B.
507 4701 538 4754 0.
551 4701 583 4751 D.
596 4701 625 4751 F.
640 4701 672 4752 G.
