3538 5800
440 866 483 932 44
710 879 890 930 urmcum
913 880 1036 930 smcn
1059 881 1213 930 oswmm

437 1063 500 1128 tati
523 1070 610 1141 sunt,
634 1069 669 1130 et
690 1064 784 1151 pium
807 1063 916 1129 Deum
939 1087 998 1152 per
1020 1065 1223 1131 carissimum
1247 1069 1376 1150 patrem
1392 1085 1488 1128 suum

437 1165 521 1231 mira
542 1171 714 1254 operatum
737 1167 972 1233 convenientes
994 1167 1217 1254 magnificant,
1241 1165 1490 1252 magnificantes

437 1267 627 1353 pradicant,
652 1269 869 1355 praedicantes
891 1269 999 1334 multa
1021 1269 1196 1334 devotione
1219 1268 1326 1335 cordis
1358 1289 1397 1333 ac
1423 1267 1489 1331 sul-

439 1367 531 1432 limi¹
562 1370 651 1436 vocis
676 1371 882 1436 exultatione
905 1371 1103 1436 collaudant.

268 1490 294 1540 A
307 1487 404 1555 foreign
485 1487 512 1550 2.
537 1485 626 1550 Hinc
664 1484 799 1550 evoluto
829 1507 897 1551 non
930 1485 1020 1572 longi
1054 1487 1212 1572 temporis
1246 1485 1363 1573 spatio,
1396 1485 1490 1549 venit

269 1556 389 1620 peniteat,

269 1622 330 1672 with
342 1639 376 1673 an

438 1587 573 1671 quidam
596 1587 695 1652 homo
728 1587 863 1652 natione
886 1587 1078 1664 Saronicus,
1102 1588 1207 1653 literis
1239 1589 1396 1664 imbutus,
1419 1609 1490 1684 poe·

268 1688 416 1756 irongirule
437 1689 588 1754 nitentiae
622 1690 783 1768 addictus,
815 1688 900 1754 ferro
935 1689 1059 1756 scilicet
1090 1691 1254 1772 artissime
1277 1690 1418 1766 vinctus
1446 1689 1489 1752 ad

269 1758 368 1806 around

268 1822 423 1884 himnomes
437 1789 604 1856 ecclesiam
643 1791 841 1856 beatissimae
869 1790 986 1856 Matris
1025 1790 1096 1868 Dei,
1128 1792 1164 1856 in
1198 1813 1263 1878 qua
1302 1791 1490 1878 quiescebat

266 1963 314 2006 ter.

267 1891 423 1942 t⁰W0100⁸·
435 1893 612 1980 gloriosum
647 1915 765 1980 corpus
802 1893 917 1958 eximii
949 1894 1140 1960 confessoris
1176 1893 1301 1962 Christi
1333 1894 1488 1960 Oswaldi.

436 1995 502 2060 Hic
524 1995 702 2081 multiplici
725 1995 881 2081 angustia
903 1995 1038 2074 cinctus
1062 2019 1121 2082 per
1143 1996 1274 2061 diversa
1305 1995 1377 2061 loca
1399 1996 1488 2060 leva-

436 2117 512 2160 men
536 2097 715 2182 queeritans
730 2098 925 2183 vagabatur.
971 2097 1108 2162 Ferrum
1132 2098 1254 2184 quippe
1271 2119 1383 2162 carnes
1399 2097 1488 2160 illius

434 2198 694 2284 circumcingens
716 2219 810 2285 paene
834 2199 878 2264 ad
901 2221 974 2264 ossa
997 2205 1253 2285 consumpserat,
1269 2205 1303 2264 ct
1319 2200 1396 2263 inde
1413 2221 1487 2264 cum

435 2299 555 2366 foetore
579 2301 672 2366 tabes
695 2322 877 2386 erumpens,
898 2301 962 2365 sibi
985 2301 1130 2388 seipsum
1151 2323 1286 2387 gravem
1310 2301 1488 2365 exhibebat

435 2403 479 2467 ad
501 2403 717 2468 tolerandum.
763 2403 912 2468 Accessit
934 2409 969 2467 et
990 2401 1069 2468 huic
1091 2403 1183 2468 aliud
1203 2403 1335 2468 malurn.
1384 2402 1487 2466 Exsul

436 2528 456 2571 a
489 2506 598 2592 patria
631 2529 698 2584 sua,
734 2506 963 2571 communione
997 2506 1150 2592 privatus
1181 2506 1218 2570 in
1249 2506 1366 2583 aliena,
1403 2505 1487 2569 nulli

436 2613 545 2686 notus,
567 2630 731 2694 nusquam
756 2613 860 2684 tutuS,
884 2608 1010 2673 victum
1034 2607 1252 2674 mendicando
1267 2608 1486 2694 perquirebat.

436 2713 529 2777 Finis
552 2713 607 2777 vel
629 2713 811 2778 remedium
834 2712 1042 2798 poenitentiae
1064 2712 1165 2797 hujus
1181 2711 1251 2778 sola
1265 2712 1487 2777 misericordia

435 2814 507 2892 Dei,
532 2820 564 2879 ct
587 2836 646 2900 per
670 2813 784 2900 Ipsum
807 2813 917 2878 Deum
932 2814 1003 2878 sine
1025 2813 1170 2878 humano
1186 2813 1386 2880 adminiculo
1401 2815 1488 2879 facta

434 2915 607 2980 dissolutio
629 2916 707 2980 ferri
731 2937 795 3000 quo
818 2915 1033 2981 vinciebatur.
1080 2915 1266 3002 Peragratis
1282 2937 1358 3002 crgo
1374 2938 1487 3002 quarn-

434 3018 583 3102 pluribus
608 3017 687 3082 locis
710 3017 914 3094 Sanctomm,
937 3038 998 3082 neo
1025 3017 1131 3082 ullum
1153 3019 1241 3083 tanti
1258 3017 1336 3082 mali
1371 3019 1486 3082 suffra-

433 3119 526 3206 gium
566 3125 742 3196 assecutus,
776 3118 912 3183 tandem
953 3119 1005 3203 (ut
1048 3119 1207 3204 diximus)
1247 3121 1290 3184 ad
1327 3119 1487 3207 praedicta

434 3221 590 3306 piissimae
614 3221 765 3286 Dominae
788 3220 905 3285 limina
939 3221 1142 3285 errabundus
1177 3221 1320 3286 accessit.
1368 3223 1413 3286 Et
1435 3222 1487 3284 in-

434 3347 570 3410 gressus,
594 3324 688 3388 videt
711 3345 728 3388 e
744 3323 876 3408 regione
892 3323 1078 3408 sepulcrum
1101 3324 1190 3388 beati
1207 3323 1311 3410 patris
1328 3323 1485 3400 Oswaldi,

434 3425 608 3512 pulchrum
640 3425 781 3512 quidem,
816 3431 852 3489 et
885 3426 1039 3490 decenter
1071 3447 1129 3511 pro
1161 3425 1267 3512 gloria
1297 3426 1386 3489 tanti
1420 3425 1485 3488 viri

433 3528 638 3592 adornatum.
685 3526 873 3612 Interrogat
896 3527 976 3611 quid
1008 3527 1071 3592 hoc
1092 3527 1145 3602 sit,
1169 3532 1204 3592 et
1237 3549 1358 3592 nomen
1389 3528 1486 3592 meri-

434 3637 571 3715 tumque
594 3631 717 3716 sepulti
750 3630 794 3695 ab
828 3627 890 3693 iis²
922 3630 1042 3716 quiea
1074 3629 1158 3694 bene
1190 3635 1354 3695 noverant
1377 3631 1483 3695 discit.

434 3732 526 3798 Tunc
541 3732 597 3797 ille
612 3732 795 3798 comminus
814 3731 940 3796 tumbae
955 3732 1089 3808 assistit,
1106 3737 1141 3796 et
1155 3732 1241 3797 nihil
1256 3733 1296 3796 de
1312 3733 1486 3797 clementia

433 3833 506 3912 Dei,
538 3834 623 3899 nihil
646 3835 686 3899 de
718 3833 938 3898 subventione
961 3833 1058 3897 amici
1081 3833 1145 3898 Dei
1177 3831 1310 3910 diffisus
1335 3835 1485 3920 precibus

433 3937 519 4002 sicut
541 3959 600 4022 pro
623 3935 799 4020 semetipso
826 3934 959 4000 insistit.
1015 3935 1175 4020 Agnoscit
1207 3935 1331 4000 crimen
1363 3936 1480 4002 admis-

433 4062 514 4117 sum,
538 4061 635 4124 seque
659 4037 819 4103 inflictam
843 4059 974 4122 poenam
997 4037 1124 4101 latetur
1146 4060 1213 4101 non
1247 4038 1371 4124 injuria
1404 4037 1485 4124 pati,

433 4141 533 4206 immo
565 4139 717 4205 atrociori
756 4139 783 4202 si
821 4137 1027 4224 infligeretur
1068 4139 1224 4203 meruisse
1259 4141 1335 4224 jure
1373 4139 1483 4227 affligi.

434 4244 517 4307 Orat
548 4247 660 4306 tamen
694 4240 916 4304 conditionem
947 4240 1044 4304 sortis
1076 4239 1230 4305 humanae
1264 4241 1300 4304 in
1335 4242 1484 4327 sepium

434 4349 560 4428 patrem
583 4341 761 4416 attendere,
786 4347 820 4405 ct
843 4362 882 4405 ea
904 4340 1029 4426 pietate
1052 4362 1117 4426 qua
1141 4340 1232 4405 Deus
1255 4341 1350 4405 illurn
1374 4365 1484 4408 serva-

432 4449 527 4509 verat
548 4444 636 4508 inter
665 4442 782 4506 mundi
813 4441 946 4527 laqueos
977 4443 1192 4530 gradientem,
1215 4444 1366 4510 absolvat
1400 4467 1433 4510 se
1465 4467 1487 4510 a

432 4551 526 4612 reatu
549 4566 646 4629 quern
678 4565 699 4607 a
721 4543 792 4607 Deo
824 4544 999 4609 derelictus
1033 4545 1224 4623 incurrerat,
1248 4546 1328 4632 ipsis
1360 4547 1485 4631 laqueis

465 4795 473 4828 ¹
490 4791 597 4859 collini]
617 4790 702 4854 simili,
712 4791 745 4842 A.
759 4793 790 4842 Β.
954 4791 959 4859 Ι
1015 4793 1026 4826 ²
1043 4793 1089 4860 iia]
1110 4793 1159 4858 his,
1170 4795 1200 4844 B.
