3454 5816
494 875 537 922 or
560 875 629 924 ran
653 859 800 926 causon
826 876 870 924 os
893 877 997 926 roan.
1214 864 1278 927 465

224 1049 344 1116 seriose
366 1051 519 1118 recitabo.
558 1052 604 1117 Et
625 1059 763 1140 propter
785 1055 944 1142 majorem
960 1056 1058 1122 dictae
1081 1055 1169 1120 sedis
1192 1057 1280 1121 anti-

224 1150 363 1237 quitatis
398 1159 432 1219 et
454 1155 664 1222 auctoritatis
696 1157 961 1244 praerogativam,
994 1157 1101 1244 primo
1134 1158 1176 1224 de
1210 1159 1276 1243 pri-

225 1253 329 1318 maria
352 1251 560 1322 ordinatione
583 1263 618 1322 et
648 1255 848 1325 fundatione
880 1257 997 1344 templi
1020 1257 1277 1345 metropolitici¹

225 1353 348 1420 ibidem
380 1357 416 1421 in
440 1363 587 1444 tempore
617 1360 818 1446 gentilitatis
852 1361 1048 1440 Britonum;
1080 1360 1199 1426 deinde
1236 1360 1277 1426 de

225 1455 377 1542 originali
411 1459 573 1526 erectione
608 1461 695 1526 sedis
741 1461 1026 1549 archiepiscopalis
1044 1523 1047 1532 .
1064 1483 1123 1548 per
1167 1483 1277 1549 regem

226 1557 365 1625 Lucium
400 1561 436 1625 in
459 1563 595 1643 eadem;
626 1569 661 1628 et
694 1569 808 1651 postea
831 1564 871 1630 de
904 1565 1106 1630 successione
1130 1563 1277 1646 omnium
1290 1569 1347 1648 'rue
1356 1571 1449 1622 author

226 1659 542 1750 archiepiscoporum
573 1665 808 1732 catholicorum
840 1666 1030 1732 reverendae
1063 1665 1160 1731 dictae
1190 1663 1277 1731 sedis
1290 1638 1429 1702 wrllearry

1289 1703 1413 1754 downhis

228 1761 450 1842 Eboracensis,
487 1765 635 1832 scilicet²
672 1789 693 1832 a
730 1767 868 1853 praefato
906 1767 1046 1832 Paulino
1094 1767 1276 1833 successive
1289 1778 1397 1819 account
1410 1779 1436 1820 to

226 1885 330 1949 usque
361 1865 404 1930 ad
427 1867 625 1933 venerabilis
657 1868 849 1934 memoriae³
879 1837 1446 1964 Willclmum,quinqua·1⁸3¹'⁷„¹,¹,¹,iif¹,¹,h⁰

227 1965 388 2051 gesimum
431 1970 575 2054 primum
614 1971 711 2037 dictae
755 1971 841 2036 sedis
880 1971 1171 2057 arehiepiscopum,
1205 1971 1276 2056 jam
1289 1968 1377 2046 ianoe

227 2069 415 2148 instantem,
439 2077 539 2158 prout
561 2079 629 2138 tam
653 2095 695 2138 ex
718 2073 881 2160 Legendis
897 2073 1102 2150 Sanctorum,
1118 2073 1277 2138 Historiis
1289 2037 1377 2100 hung.

227 2169 418 2258 Anglorum,
453 2173 656 2240 diversorum
687 2173 958 2241 annotationibus
977 2175 1190 2242 Oronicorum
1222 2197 1279 2240 ex·

229 2275 342 2360 cer-psi,
376 2283 411 2342 et
447 2268 483 2341 in
515 2278 681 2363 quandam
716 2279 850 2344 brevem
883 2301 1044 2344 summam
1083 2283 1278 2364 praesentem

228 2375 377 2444 tabulam
420 2379 644 2446 continentem
685 2380 879 2466 simpliciter
924 2379 1039 2445 studui
1084 2379 1279 2466 compilare3

229 2499 341 2543 eorum
384 2481 532 2546 omnium
566 2481 683 2548 saltem
721 2481 857 2547 nomina
895 2482 1121 2568 episcoporum
1160 2481 1278 2546 seriose
1291 2495 1408 2573 Inopus

229 2601 304 2646 cum
342 2583 549 2667 quorundam
595 2605 707 2649 eorum
741 2585 870 2650 actibus
908 2583 1067 2650 relatione
1102 2583 1222 2669 dignis,
1245 2565 1450 2647 etffld‘¹⁰⁵¹ss¹¹·

230 2683 418 2770 ubicunque
451 2692 545 2773 gesta
578 2686 741 2752 notabilia
779 2686 979 2774 contigerint
1014 2686 1229 2760 immorando,
1245 2689 1280 2750 et

229 2785 311 2852 alias
333 2787 498 2855 succincto
520 2809 668 2854 sermone
690 2789 824 2854 brevius
846 2789 1073 2875 percurrendo
1096 2808 1171 2854 cum
1194 2787 1281 2853 datis

231 2895 266 2956 et
299 2887 423 2956 etiam*
455 2889 657 2977 praelationis
689 2913 757 2957 suae
791 2911 850 2978 pro
873 2890 992 2976 majori
1026 2895 1130 2976 parte,
1154 2895 1189 2955 et
1224 2889 1283 2954 ubi

231 2995 467 3078 postmortem
499 3013 610 3057 eorum
645 2975 780 3078 corpora
802 2993 1036 3070 reconduntur,
1059 2991 1095 3056 in
1118 2997 1282 3077 quantum

231 3113 305 3159 mea
335 3093 553 3172 imbecillitas,
584 3095 781 3181 scriptorum
816 3095 1007 3171 obscuritas,
1032 3097 1066 3159 et
1096 3099 1282 3179 temporum

231 3195 410 3262 varietates
452 3195 670 3282 permiserint,
713 3197 912 3275 annotanda
955 3197 999 3262 ad
1045 3195 1175 3262 laudem
1209 3193 1282 3276 Dei,

231 3299 395 3384 praecipue
419 3297 534 3364 Sancti
557 3299 705 3364 Wiliridi
729 3300 874 3378 senioris,
897 3321 936 3365 ac
967 3304 1159 3365 caeterorum
1190 3319 1282 3363 sanc·
1354 3320 1356 3322 ·

231 3405 342 3466 torum
365 3399 596 3479 confessorum,
613 3401 842 3486 dictorumque
866 3399 1027 3466 omniuml
1043 3399 1282 3465 venerabilium

233 3501 550 3588 archiepiscoporum
582 3507 770 3568 nostrorum
806 3501 942 3587 dignam
980 3501 1172 3566 memoriam
1210 3521 1283 3586 per-

232 3609 332 3690 petue
367 3603 581 3681 recolendam,
615 3605 739 3671 liceta
776 3623 892 3669 norma
926 3606 1105 3667 metrorum
1129 3623 1283 3668 versuum

234 3704 459 3784 decurrendo,⁰
481 3728 541 3792 pro
563 3705 703 3770 faciliori
734 3705 933 3791 scrupulosae
960 3705 1107 3770 materiae
1141 3705 1284 3770 declara-

234 3809 324 3873 tione
347 3807 445 3872 simul
480 3813 514 3872 et
536 3807 769 3893 explanatione
800 3807 949 3872 facienda
981 3805 1151 3892 cujusdam
1186 3807 1284 3872 metri

234 3909 288 3974 vel
325 3909 441 3974 rithmi
484 3908 616 3975 iambici
651 3914 685 3974 et
723 3907 891 3995 spondaici
933 3906 1070 3972 formam
1109 3909 1283 3994 sequenda,

146 4095 149 4102 ι
235 4009 431 4096 quandoque
464 4015 570 4075 certas
604 4009 750 4076 rubricas
784 4007 928 4095 prosaice
962 4007 1050 4073 inter
1080 4008 1284 4075 diversorum

235 4119 385 4200 tempora
418 4111 597 4200 praesulum
637 4111 786 4178 fortassis
820 4109 1029 4188 intimando,⁷
1067 4116 1175 4196 prout,
1213 4113 1284 4179 Deo

236 4215 345 4294 dante,
368 4208 486 4281 melius
509 4219 544 4281 et
566 4212 727 4282 efficacius
750 4211 921 4278 videbitur
943 4211 1106 4298 expedire.

270 4490 278 4522 ¹
293 4485 482 4551 metropolitici]
503 4483 656 4550 metropolis,
668 4485 702 4534 A.
818 4481 828 4513 ⁴
846 4481 935 4547 etam]
954 4497 1004 4532 om.
1015 4481 1050 4532 Α.

268 4569 279 4601 ²
295 4565 401 4630 scilicet]
421 4579 471 4616 om.
483 4565 518 4615 A.
818 4561 962 4627 ὅοιιιιιίιιηι]
984 4577 1034 4612 om.
1045 4560 1080 4612 A.

269 4645 280 4678 ³
296 4645 329 4696 In
339 4659 418 4710 marg.
430 4647 445 4672 ‘⁴
455 4641 525 4694 will.
544 4641 650 4704 Boothe,
669 4655 736 4692 auno
762 4656 765 4677 ·
819 4638 1011 4705 ῦιίιοιιηοπὼ]
1032 4637 1188 4702 divertendo,
1200 4641 1234 4692 Α.

236 4729 335 4774 “145³
363 4728 504 4786 promotus,
526 4729 551 4772 et
579 4735 647 4772 anno
672 4725 735 4771 1464
819 4717 830 4754 ²
839 4718 966 4782 sortmrir
993 4717 1141 4784 intimando]
1181 4718 1287 4772 feneras

235 4807 251 4833 “
269 4802 410 4852 mortuus.”
786 4795 993 4856 inoculandae.

330 4893 420 4942 Otlt.
1095 4903 1116 4950 ο
1133 4906 1155 4952 α
