3454 5816
520 893 564 941 or
587 894 656 942 rna
679 893 824 942 cnuncn
847 891 890 940 or
915 892 1018 938 nonu.
1238 874 1302 934 455

311 1221 358 1286 De
381 1222 634 1309 recuperatione
657 1221 762 1308 pollii
782 1245 846 1309 per
869 1223 1035 1289 Soractem
1058 1221 1244 1306 prcrtnnc

622 1323 917 1412 archiepiscopum.

252 1475 417 1563 Egbertus
440 1477 590 1554 Sanctae,
614 1477 716 1562 regali
739 1477 886 1563 germine
909 1481 1016 1553 natue,
1316 1491 1413 1556 agnen

249 1577 348 1664 Regis
370 1600 554 1664 germanus,
578 1582 613 1642 et
636 1579 749 1642 eodem
773 1578 909 1643 nomine
932 1577 1049 1654 clarus
1314 1573 1431 1688 {ffiff

250 1678 403 1744 Praesulis
426 1685 460 1744 et
482 1681 570 1744 sedis
591 1679 825 1766 geminumque
849 1684 974 1744 statum
996 1679 1179 1756 renouauit,
1235 1682 1298 1745 255

294 1780 491 1867 Neglectum
514 1781 652 1868 pallium
677 1781 741 1866 [et]
763 1782 934 1866 reparavit
957 1781 1066 1846 idem.¹

250 1882 407 1949 Difficiles
430 1889 548 1970 partos,
572 1905 684 1950 omnes
707 1883 870 1950 conclusit
892 1889 927 1948 et
949 1889 1036 1949 artes
1049 1882 1083 1964 3²

295 1985 459 2052 Praeseans
482 1987 623 2072 ingenia
647 1985 753 2052 clarus
777 1991 812 2051 ot
834 1983 972 2070 cloquio

250 2085 380 2173 Scripta
402 2087 649 2173 Prophetarum,
674 2087 804 2152 veracia
825 2087 972 2152 carmina
994 2093 1120 2164 vatum,

293 2189 427 2256 Pectore
450 2191 576 2256 sincero
599 2189 749 2255 condidit
772 2189 828 2254 ille
851 2211 919 2254 suo.
1232 2193 1299 2257 260

248 2291 393 2356 Hortum
417 2293 615 2371 conclusum,
638 2292 809 2356 doctorum
833 2291 950 2356 florida
972 2291 1104 2376 scripta,

293 2391 437 2458 Archino
460 2393 571 2458 stabili
596 2398 773 2479 congregat
797 2398 897 2478 atque
920 2393 1014 2458 locat.

246 2496 376 2582 Anglia,
402 2495 548 2572 Francia,
571 2495 618 2560 sic
643 2495 839 2562 Alamannia
861 2495 1083 2580 suscipiebant

291 2598 483 2664 Doctrinam
507 2621 620 2664 sanam
643 2598 792 2684 praesulis
815 2597 978 2664 eximiam.

248 2700 391 2766 Instruit
413 2701 596 2786 Alquinum
620 2699 736 2765 Karoli
759 2700 905 2786 Mag[n]i
928 2701 1132 2778 monitorem,
1233 2703 1297 2766 265

292 2803 416 2869 Doctor
438 2808 472 2868 et
495 2803 643 2888 egregius
666 2803 863 2888 discipulum
886 2801 1052 2867 solidumr

247 2905 373 2970 Doctus
396 2910 430 2970 et
452 2904 619 2992 Alquinus
641 2926 746 2970 mores
769 2903 931 2970 imitando
954 2903 1113 2989 magistri,

293 3007 447 3072 Instituit
470 3007 616 3071 studium
642 3005 786 3072 Parisios
809 3005 942 3082 celebre,

248 3109 348 3175 Nunc
370 3108 468 3174 metit
491 3109 655 3194 Egbertus
677 3108 822 3174 caelestia
843 3107 970 3173 semina
992 3111 1108 3184 certus,

292 3211 450 3277 Fructum
474 3215 649 3276 centonum
673 3215 850 3297 congregat
872 3210 942 3296 ipse
965 3209 1044 3275 Deo.
1232 3209 1298 3280 270

246 3493 294 3561 De
317 3493 529 3560 libertatibus
551 3500 581 3558 ct
600 3491 866 3580 lacerationibus
889 3491 981 3559 dctis
992 3514 1055 3578 per·
1069 3493 1298 3561 Adclstencem

703 3601 731 3659 ot
754 3594 848 3659 ulios.

247 3747 310 3813 Per
332 3747 441 3813 varios
464 3767 556 3832 reges
579 3746 763 3831 dispersum
787 3746 907 3810 mobile
930 3767 1069 3832 regnum

247 3850 395 3936 Suscipit
417 3850 549 3913 unitum
572 3870 681 3934 regem
705 3848 891 3912 diademate
914 3849 1071 3934 dignuin:

247 3952 378 4018 Primus
400 3951 601 4017 Adelstanus
624 3951 718 4036 regni
741 3951 806 4015 fuit
829 3951 899 4036 ipse
921 3951 1106 4028 monarcha,
1310 3955 1421 4044 Atha-¹

293 4055 381 4120 Nam
405 4054 547 4140 reliquos
570 4075 661 4139 reges
684 4053 834 4118 subdidit
856 4051 911 4116 ille
935 4053 1007 4116 sibi.
1309 4037 1386 4070 ⁸⁸⁰⁸

246 4157 356 4246 Ipsius
378 4157 516 4244 imperio
539 4157 687 4242 subjecta
709 4162 760 4220 est
781 4155 889 4220 insula
912 4177 1059 4240 quaeque,
1232 4157 1295 4225 275
1310 4089 1447 4220 perpepnn-
1504 4115 1506 4119 v

292 4261 337 4326 Et
358 4265 477 4346 parent
498 4259 624 4346 pariter
645 4258 802 4342 obsequio
826 4279 981 4342 proceres.

247 4361 439 4430 Perdomuit
462 4361 577 4426 Scotos
599 4359 743 4424 fundens
765 4360 822 4444 pia
844 4365 924 4424 vota
945 4359 1102 4441 Johanni,

291 4463 444 4532 Pontifici
465 4463 575 4550 gladio
598 4483 679 4526 saxa
701 4465 820 4526 cavata
841 4461 969 4526 docent.

717 4627 931 4636 .σ--η--η-..ω
950 4627 965 4633 -
990 4626 1294 4638 qq—n———ss

281 4721 288 4754 ¹
307 4721 334 4771 A
356 4717 472 4770 doubtful
493 4731 610 4783 passage,
638 4715 748 4781 illegible
828 4713 913 4766 lOm.
926 4715 957 4766 Β.

247 4803 273 4854 in
285 4801 317 4852 B.
