3410 5840
733 1525 792 1592 VI.

363 1690 632 1769 marmana
664 1689 756 1766 an
789 1685 1183 1764 TRANSLATIONIS

337 1797 512 1874 SANOTI
546 1791 816 1874 WILLELMI
850 1793 882 1868 Ε
915 1791 1214 1869 BRnVIAR10¹

459 1900 769 1984 EBORAOENSI
804 1898 1088 1982 ASSUMPTAE.

294 2347 422 2414 Laeuo
461 2347 702 2416 I.-Gloriosus
739 2346 879 2412 antistes
922 2345 1062 2414 Eboraci
1107 2345 1299 2425 Willolmns,
1314 2362 1457 2420 canoniza-

251 2455 426 2538 postquam
452 2451 611 2538 migravit
632 2472 653 2516 a
686 2449 815 2527 saeculo,
837 2447 952 2514 multis
983 2453 1019 2514 ct
1040 2449 1169 2536 magnis
1191 2432 1434 2552 ⁰⁰f¹¹⁸²i¹¹iia9rim

252 2554 343 2621 cavit
364 2553 540 2619 miraculis.
586 2553 686 2619 Unda
709 2557 745 2618 et
774 2552 905 2618 decreto
928 2551 1049 2616 summi
1080 2551 1246 2638 pontificia
1268 2555 1303 2616 et

159 2733 162 2740 ¹
253 2656 393 2722 fratrum
430 2677 574 2732 assensu,
612 2653 785 2741 cathalogo
823 2653 1020 2720 Sanctorum
1054 2654 1216 2740 ascriptus
1246 2658 1304 2718 ost.

254 2758 335 2824 Dias
357 2759 459 2824 etiam
481 2757 594 2822 obitus
616 2757 668 2822 aui
699 2757 736 2822 in
769 2761 841 2822 tota
874 2755 1044 2842 provincia
1067 2755 1264 2822 Eboraeensi
1286 2777 1307 2820 a

255 2861 383 2927 cunetis
420 2859 572 2925 fidelibus
606 2859 815 2926 celeberrima
848 2863 900 2924 eat
933 2858 1125 2925 custoditus.
1182 2857 1306 2923 Verum

256 2962 335 3028 licat
356 2983 378 3027 a
411 2961 497 3027 claro
529 2965 563 3026 et
594 2961 716 3047 populo
750 2961 800 3026 ita
830 2959 990 3047 gloriosus
1021 2959 1214 3037 habebatur,
1246 2960 1309 3025 hoo

257 3069 370 3130 tamen
392 3063 436 3129 ad
458 3062 629 3129 cumulum
655 3063 770 3150 gloriae
793 3067 828 3128 et
854 3061 964 3127 laudis
986 3062 1091 3148 ipsius
1114 3061 1229 3128 Sancti
1253 3061 1308 3126 dc-

256 3187 326 3232 osso
348 3165 536 3243 videbatur,
560 3165 649 3251 quod
671 3165 920 3232 sanctissimum
935 3185 1054 3251 corpus
1076 3164 1156 3250 ejus,
1180 3165 1220 3230 de
1244 3186 1310 3250 quo

259 3291 318 3356 per
344 3268 464 3355 lapidis
498 3268 656 3333 duritiem
689 3267 799 3334 oleum
830 3267 1037 3354 frequentius
1067 3267 1254 3345 resudabat,
1276 3268 1312 3332 in

260 3371 327 3436 imo
349 3370 527 3436 tenebatur
548 3369 720 3436 inclusum.

306 3473 435 3539 anrlo
458 3471 649 3538 IL-Unda
683 3471 726 3538 ad
761 3471 870 3538 laudis
896 3481 932 3538 at
961 3472 1074 3558 gloria
1108 3495 1310 3541 consumma¹
1324 3493 1472 3545 Tharrana-

262 3576 388 3641 tionem
421 3573 526 3660 ipsius
560 3571 676 3639 Sancti
718 3573 863 3659 corporis
886 3573 1072 3640 'lranslatio
1110 3597 1130 3640 a
1167 3575 1314 3661 praelatis
1324 3557 1485 3676 ξῗζζπῗὲῑπ

264 3676 478 3742 Eboracensis
500 3674 644 3741 cccloaiae
667 3675 828 3740 desiderio
850 3675 981 3742 ardenti
1004 3677 1228 3745 affectabatur.
1267 3679 1315 3743 At
1327 3690 1484 3744 determinet

263 3779 323 3844 ubi
345 3777 441 3843 venit
462 3776 635 3864 planitudo
662 3777 829 3863 temporis,
852 3798 917 3862 quo
940 3777 1032 3843 Deus
1054 3778 1091 3843 in
1116 3779 1177 3846 Sui
1200 3781 1318 3846 secreti
1329 3776 1371 3811 ⁰¹¹·

265 3882 342 3948 sinu
352 3879 510 3947 Sanctum
526 3901 624 3944 suum
640 3878 830 3945 decreverat
844 3879 1024 3958 sublimari,
1040 3883 1147 3948 erexit
1161 3883 1198 3947 in
1212 3882 1318 3950 archi-

265 3981 440 4072 praesulam
481 3981 721 4048 Eboracansem
753 3981 975 4048 venerabilem
1005 3984 1077 4068 piar
1106 3983 1320 4066 Willaimum,

268 4085 325 4172 qui
348 4085 440 4170 priua
463 4105 522 4170 par
552 4082 660 4148 multa
691 4087 840 4169 tempora
861 4083 898 4148 in
932 4083 1044 4149 eadem
1078 4085 1213 4152 ecclesia
1244 4107 1320 4152 cao-

269 4187 410 4254 cellariae
448 4185 554 4252 officio
592 4184 802 4272 fungebatur,
839 4185 933 4271 cujus
971 4186 1156 4253 ministerio
1188 4187 1322 4274 gloriosi

270 4288 474 4356 Confessoria
498 4287 559 4353 Sui
582 4287 725 4375 corporis
748 4287 1010 4354 'lianalationanr
1044 4290 1323 4376 praeordinaverat

270 4411 497 4459 consumman.

374 4591 382 4625 ¹
400 4591 488 4646 rnen
500 4591 567 4647 from
578 4591 623 4644 tna
634 4592 707 4644 York
717 4591 849 4670 Brevinry,
860 4591 959 4670 printed
970 4601 997 4648 at
1008 4595 1108 4648 Venice
1119 4595 1145 4652 in
1158 4599 1229 4648 1493.
