3586 5802
419 851 484 914 218
553 864 701 916 HISTORY
724 865 769 914 OF
791 865 885 916 FOUR
907 865 1143 916 nncflmsnol’s
1166 867 1210 917 OF
1232 868 1328 920 YORK
1413 814 1424 836 ι

248 1079 352 1132 mutin
419 1057 477 1143 qui
500 1057 627 1137 voluit;
648 1061 760 1122 noster
782 1075 870 1134 vere,
893 1055 972 1142 quia
1001 1056 1048 1124 sio
1069 1057 1228 1124 adversus
1251 1079 1327 1124 cum
1349 1063 1470 1146 egerat,

247 1149 383 1264 rerepente
419 1159 510 1244 loqui
532 1161 563 1224 ei
585 1159 705 1237 renuit,
729 1179 834 1244 neque
860 1164 975 1245 postes
996 1179 1100 1245 usque
1123 1160 1159 1224 in
1181 1160 1317 1247 longum
1339 1163 1471 1246 tempus

247 1231 370 1334 ansilam,
419 1260 548 1327 locutus
570 1261 643 1326 fuit.

247 1385 352 1437 Turesis
464 1363 609 1431 Decurso
643 1362 771 1450 eliquot
801 1363 929 1430 dierum
962 1363 1147 1442 intervallo,
1169 1363 1295 1450 placuit
1324 1362 1470 1430 Oenius·

248 1454 357 1570 31111161]ξὲ
420 1466 520 1532 riensi
543 1488 586 1532 ex
603 1467 680 1554 jure
702 1467 876 1554 legationis
900 1465 1086 1533 Concilium
1109 1486 1295 1533 convocare.
1342 1465 1470 1532 Statuti

248 1574 499 1650 neregete’ssunt
535 1569 604 1634 dies
643 1574 677 1634 st
715 1569 813 1645 loeus,
850 1567 1006 1634 Ascensio
1045 1567 1181 1633 Domini
1219 1573 1255 1635 et
1291 1567 1471 1634 londonia

247 1653 405 1770 ffidssffi
419 1671 594 1736 Mandavit
627 1671 740 1756 itaque
779 1670 1023 1756 archiepiscopo
1054 1675 1174 1748 nostro,
1209 1675 1244 1736 et
1281 1669 1472 1756 Apostoliou

311 1757 317 1770 ⁶
417 1773 615 1838 auctoritato
648 1772 814 1859 praecepit,
837 1773 994 1856 quatinus
1017 1769 1165 1837 Concilio
1197 1771 1392 1852 interesset3
1413 1772 1471 1838 ssd

417 1895 517 1960 prope
548 1874 645 1951 diem,
668 1873 779 1959 legati,
802 1893 883 1957 quos
922 1871 1061 1937 Romam
1107 1872 1251 1950 miseret,
1287 1873 1471 1951 redeuntes,

417 1976 484 2042 tols
507 1975 587 2062 quid
620 1975 650 2040 ei
684 1975 876 2040 detulenmt
898 1995 957 2060 per
980 1974 1069 2059 quod
1091 1974 1178 2038 sicut
1199 1993 1259 2039 nec
1280 1973 1389 2039 voluit
1411 1995 1472 2040 nec

416 2077 580 2142 interfuit
626 2076 725 2142 Unde
759 2095 835 2142 cum
858 2074 1108 2142 Oeniusrisnsis
1139 2074 1229 2160 opud
1261 2095 1371 2160 regem
1394 2097 1469 2142 oon-

417 2183 616 2264 qusreretur,
639 2176 727 2262 quod
743 2176 838 2262 qussi
860 2176 1059 2262 dedignatus
1081 2179 1153 2240 ciet
1174 2176 1216 2240 cd
1240 2197 1337 2240 suum
1358 2176 1471 2241 venire

248 2305 303 2355 'she
314 2304 377 2372 king
418 2279 604 2346 Concilium
616 2303 624 2358 ;
668 2300 728 2343 rex
771 2279 839 2343 eit:
878 2277 964 2342 “Et
1001 2277 1127 2343 merito.
1186 2277 1347 2364 Magnum
1381 2279 1470 2343 enim

247 2387 370 2489 ἶξξᾞὸ
418 2382 598 2447 “dedecus
636 2381 667 2445 ei
704 2380 741 2444 in
772 2379 864 2445 curin
896 2399 970 2445 meo
1001 2379 1134 2456 fecistis,
1166 2379 1250 2443 mihi
1287 2399 1366 2444 vero
1402 2401 1471 2445 non

246 2505 313 2556 dues
417 2493 435 2520 “
457 2481 595 2548 minus.''
633 2483 679 2547 Et
700 2481 853 2548 dominns
873 2502 960 2568 popo
985 2501 1045 2566 pro
1067 2481 1191 2567 injuria
1213 2485 1248 2547 st
1271 2481 1471 2549 contumelia

416 2590 482 2654 ists
503 2587 547 2654 ad
570 2584 842 2654 cantuariensem
865 2586 915 2650 ita
936 2583 1088 2670 scripsit:

443 2909 564 2976 Literae
587 2909 735 2996 ejusdem
759 2907 902 2974 Honorii
925 2929 1021 2995 popss
1043 2908 1087 2974 od
1110 2909 1253 2975 cundem
1275 2908 1454 2996 archiepis·

416 3033 533 3098 oopum
558 3011 831 3078 Centusriensem
853 3033 913 3097 pro
936 3011 1050 3077 eodem
1073 3011 1226 3098 episcopo
1249 3012 1453 3080 Eboruoensi.

247 3215 377 3266 Honorius
461 3211 641 3278 Honorias
665 3209 981 3297 episcopusservus
1010 3229 1184 3276 seruorum
1205 3209 1279 3289 Dei,
1308 3210 1472 3278 Wiileimo

248 3284 402 3400 ididiamof
419 3314 666 3380 Oecataarierisi
688 3312 935 3400 archiepiscopo
968 3333 1052 3378 rerae
1080 3313 1317 3400 fraternitatis
1339 3313 1472 3381 sincera

248 3417 353 3469 canter·
419 3418 561 3484 dileetio.
609 3416 717 3482 Tanto
732 3414 966 3482 moderamina
988 3414 1077 3481 debet
1093 3415 1297 3503 (episcopm)
1312 3415 1471 3484 terrerem

246 3481 406 3599 ffilffi
418 3527 448 3585 et
470 3519 675 3605 dissitatem
696 3539 797 3584 seiam
814 3517 858 3582 io
877 3516 936 3583 sai
953 3523 1061 3584 statiis
1079 3519 1311 3604 praropotira
1333 3540 1470 3600 serrare,

248 3619 321 3667 ¹1²⁷·
417 3628 457 3687 at
479 3621 522 3707 ire
543 3621 641 3686 aaiio
658 3619 819 3707 fraterne
842 3618 970 3685 caritas
992 3618 1192 3706 effemtetas‘r,
1214 3620 1264 3686 eei
1286 3622 1472 3689 reverentia

416 3723 613 3789 minuatur.
660 3721 832 3798 Oaetermm,
867 3720 956 3788 siem
987 3721 1187 3807 accepimus,
1220 3729 1261 3788 ta
1291 3722 1335 3788 iri
1363 3723 1471 3810 playa

415 3823 682 3912 septemdecem·
715 3845 731 3890 c
793 3822 926 3903 titatas,
958 3843 1018 3889 aee
1054 3822 1221 3909 majorem
1257 3845 1317 3891 aee
1349 3847 1472 3912 parem

416 3926 595 4004 erectiores,
618 3946 700 4013 quos
723 3945 842 3991 errare
863 3932 893 3991 et
915 3923 1079 3991 ieoaorcre
1110 3924 1270 3992 miseras
1293 3927 1470 4013 opprimis

417 4035 446 4094 et
476 4035 517 4094 rit
550 4048 749 4115 quernaque
785 4025 884 4092 eredo
922 4025 1127 4093 eminentior
1158 4047 1324 4114 apparere
1360 4029 1472 4096 eaieas

243 4133 390 4215 nepioves·
417 4130 575 4196 elaboras.
620 4127 862 4209 Rarissimam
895 4148 1043 4215 namque
1067 4127 1217 4217 fratrem
1246 4136 1412 4211 nostram,
1438 4133 1471 4198 Τ.

243 4200 656 4333 l1:¹0¹}{J‘5'JyffffEboraeeosem
687 4229 987 4316 arehiepiscopum,
1016 4229 1218 4298 eeieaieater
1255 4232 1405 4320 iosestes,
1443 4241 1472 4302 ct

245 4333 359 4385 Turstin.
416 4333 618 4419 refriperata
639 4340 765 4400 aerea
788 4331 929 4399 caritate
951 4331 1029 4397 tetis
1049 4331 1186 4399 risibus
1201 4334 1329 4418 satapis
1343 4356 1472 4422 eppep-

415 4457 508 4502 rmre.
566 4436 747 4502 Proeterita
779 4433 874 4500 emim
899 4433 1123 4501 sollemnitate
1154 4435 1294 4502 Natalis
1325 4436 1473 4505 Domini

414 4539 541 4622 ipsane
558 4537 616 4603 eui
633 4539 739 4622 (carre)
754 4559 820 4623 pro
842 4537 1029 4603 reverentia
1051 4537 1151 4604 Beati
1172 4536 1272 4602 Petri
1293 4544 1323 4604 et
1345 4545 1471 4618 nostra

414 4648 490 4704 tum
502 4662 567 4724 pro
578 4662 648 4704 sare
665 4639 828 4704 honestate
839 4661 992 4726 perseam
1007 4639 1113 4704 horor
1128 4646 1174 4705 est
1195 4639 1372 4706 mamimus
1387 4641 1473 4727 dese·

415 4745 552 4823 readis,
569 4768 590 4808 a
607 4765 730 4810 corona
746 4745 840 4831 repis,
857 4745 917 4811 sebi
942 4747 1078 4832 pariter
1101 4755 1209 4813 terrm
1224 4769 1289 4814 esse
1304 4747 1470 4828 debuerat,
