3410 5840
555 901 655 956 uivus
678 907 721 955 or
744 903 814 956 ras
837 905 1083 959 sncnsrsnors.
1264 899 1328 962 523

279 1107 358 1158 totns
388 1102 548 1158 visceribus
579 1103 787 1175 compassionis
819 1111 849 1173 et
880 1105 1012 1160 caritatis
1045 1105 1191 1173 effluebat,
1225 1125 1259 1162 ao
1293 1107 1328 1164 de

278 1193 386 1248 eximia
419 1210 533 1247 mamm
567 1191 630 1262 ejus
661 1193 808 1264 elegantia
840 1195 984 1250 aestimavi
1014 1196 1111 1266 potins
1133 1195 1218 1251 silere
1241 1213 1329 1268 quam

279 1299 384 1352 parum
407 1281 510 1338 dicere.

324 1372 454 1443 Cumque
488 1377 700 1444 praepotentum
724 1377 754 1426 et
776 1372 963 1444 praedivitum
986 1379 1140 1444 parentum
1163 1379 1193 1430 et
1222 1375 1328 1432 amico·

278 1479 344 1516 rum
360 1479 419 1516 non
435 1461 549 1516 modica
573 1461 655 1532 copia
680 1462 893 1532 praeemineret,
909 1467 940 1516 et
954 1463 1032 1518 dulci
1053 1462 1217 1532 juventutis
1232 1467 1328 1535 gratia

279 1551 403 1616 floreret,
427 1563 465 1606 ac
488 1549 666 1620 dignitatum
689 1556 720 1606 et
741 1552 883 1606 honorum
908 1553 1021 1622 ingenti
1037 1555 1131 1624 gloria
1146 1555 1326 1625 praeluceret,

278 1646 309 1696 et
341 1641 511 1696 divitiarum
544 1657 652 1710 magna
674 1641 854 1696 abundantia
886 1643 1079 1713 praepolleret,
1115 1660 1201 1714 super
1223 1660 1326 1714 graves
1340 1658 1498 1710 ffisdjmse,

278 1737 308 1784 et
330 1731 495 1801 frequentes
518 1729 611 1800 epatis
635 1729 790 1795 molestias,
807 1749 878 1802 quus
901 1732 989 1802 longo
1005 1721 1135 1803 tempore
1151 1733 1326 1803 patiebatur,

277 1820 462 1890 prudentiam
486 1817 663 1873 medicorum
686 1820 839 1874 consuluit.
886 1819 927 1874 At
959 1821 1004 1874 illi
1027 1821 1234 1894 complexionis
1266 1822 1328 1894 ejus

278 1909 521 1980 conspectionem,
554 1915 583 1962 et
605 1926 730 1972 causam,
764 1915 793 1963 et
825 1910 943 1964 modum
978 1911 1071 1965 morbi
1106 1911 1329 1980 diligentissime

277 1999 469 2069 explorantes,
504 1998 570 2062 nisi,
606 1997 754 2068 pudicitiae
789 1999 880 2053 iraeuo
903 1986 1017 2064 soluto,¹
1033 2001 1195 2056 naturalem
1232 2004 1329 2056 carnis

239 2141 241 2146 .
277 2087 418 2159 explendo
441 2087 620 2158 voluptatem
644 2088 848 2158 frequentaret,
872 2107 938 2143 eum
961 2089 1043 2144 nullo
1066 2091 1151 2146 modo
1174 2092 1328 2147 sanitatem

276 2195 444 2248 recuperare
467 2195 549 2248 posse
572 2181 737 2232 constanter
759 2178 977 2232 confirmabant.
1024 2177 1151 2247 Quorum
1175 2181 1327 2236 consilinm

276 2285 392 2338 prorsus
415 2265 561 2335 abjiciens,
584 2271 615 2320 et
636 2285 673 2320 no
697 2268 761 2338 quis
784 2268 841 2321 tale
864 2267 934 2338 quid
968 2269 994 2322 ei
1017 2270 1142 2340 amplius
1174 2287 1328 2341 suggerere

276 2358 395 2412 auderet
416 2375 483 2410 cum
506 2356 689 2410 anathemate
712 2356 898 2426 interdicens,
921 2358 979 2412 tale
1002 2376 1171 2430 responsum
1189 2361 1328 2415 memorie

277 2446 399 2516 dignum
431 2446 473 2500 eis
496 2463 562 2498 cum
585 2461 692 2514 magna
714 2446 822 2500 mentis
845 2447 1009 2500 constantia
1032 2447 1189 2504 reddidisse
1214 2451 1325 2504 femur:

277 2537 296 2559 ⁴⁴
314 2535 432 2598 Absit,”
467 2533 573 2606 inquit,
614 2533 718 2592 “absit
748 2533 766 2589 a
797 2553 844 2589 me
878 2540 912 2590 ut
949 2554 1001 2606 pro
1039 2537 1093 2592 hac
1125 2543 1327 2594 momentanea

277 2625 295 2648 ⁴⁶
321 2625 519 2696 corruptibilis
557 2623 651 2678 carnis
683 2623 775 2680 salute
814 2630 931 2680 aeternae
970 2626 1072 2680 salutis
1105 2626 1263 2684 Auctorem
1292 2647 1326 2683 ac

277 2717 295 2739 ‘⁸
322 2713 459 2770 Datorem
481 2713 605 2770 scienter
628 2713 781 2768 offendam.
821 2715 887 2769 Non
910 2716 990 2770 enim
1013 2733 1063 2786 per
1079 2717 1266 2773 offensionem
1289 2718 1327 2772 ad

277 2807 295 2829 “
321 2805 394 2860 iram
417 2810 461 2859 est
483 2803 690 2876 provocandus,
715 2803 765 2859 sed
797 2803 893 2875 potins
916 2823 967 2876 per
989 2805 1094 2862 bonam
1129 2808 1326 2878 operationem

277 2896 295 2918 ‘⁶
321 2895 358 2948 ad
381 2893 608 2949 misericordiam
633 2893 828 2958 inclinandus,
852 2901 888 2948 nt
911 2895 977 2950 Suae
1000 2899 1139 2950 creaturae
1156 2897 1327 2952 misereatur

276 2985 294 3008 ‘⁶
320 2983 523 3054 propitiatus.’'
569 2983 650 3038 'l'unc
683 2983 822 3055 praecepit
853 2984 949 3054 largus
983 2985 1154 3040 elemosinas
1188 2987 1269 3052 dari;
1295 2992 1325 3040 et

276 3074 348 3145 ipsc,
381 3073 578 3143 copiosissimo
618 3071 814 3144 lacrymarum
846 3073 939 3128 imbre
963 3074 1066 3128 faciem
1105 3076 1250 3144 perinsus,
1285 3075 1323 3130 ad

275 3162 437 3217 orationem
460 3179 526 3216 cnm
549 3179 656 3231 magna
678 3161 832 3216 devotione
855 3180 885 3216 so
907 3163 1062 3228 convertit,
1086 3164 1163 3235 quod
1193 3171 1224 3219 et
1246 3183 1325 3220 more

275 3252 360 3306 solito
395 3252 488 3305 lacere
510 3251 678 3317 consuevit,
710 3255 741 3306 et
772 3256 834 3305 toto
857 3253 963 3306 mentis
996 3251 1103 3308 affectu
1131 3271 1216 3324 quem
1249 3255 1326 3310 inter

274 3347 389 3397 sanctos
421 3341 475 3395 Dei
509 3341 652 3410 prescipto
676 3340 818 3411 diligebat
840 3346 870 3395 et
900 3342 1060 3406 excolebat,
1084 3343 1114 3396 in
1138 3361 1222 3398 suum
1245 3345 1325 3400 auxi·

274 3429 358 3495 lium,
376 3431 516 3486 Sanctum
539 3429 702 3484 Johnnnem
735 3431 936 3494 confessorem,
960 3431 1175 3488 Beverlaccnsis
1197 3434 1324 3490 ecclesioe

273 3526 440 3592 munuum,
465 3519 570 3590 saepius
604 3520 735 3573 iterando
770 3521 925 3575 invocavit.
973 3522 1008 3574 Iu
1040 3521 1095 3576 hac
1118 3527 1215 3578 autem
1250 3543 1324 3595 pras-

273 3610 411 3681 positurae
435 3609 579 3678 dignitato
602 3626 635 3662 eo
667 3613 796 3680 temporo
830 3609 1014 3679 fungebatur,
1038 3611 1115 3681 apud
1138 3630 1224 3682 quam
1254 3619 1325 3668 tunc

274 3717 341 3752 eum
380 3703 534 3768 egrotasse
568 3697 738 3766 contigerat.
802 3698 858 3752 Sed
890 3716 967 3762 mox,
1003 3717 1055 3769 per
1089 3701 1324 3758 intercessionem
1337 3701 1466 3752 Hiseure·

274 3787 450 3842 sanctissimi
472 3785 652 3848 confessoris,
677 3785 738 3840 Deo
761 3785 930 3852 auxiliante,
955 3789 1109 3844 sanitatem
1132 3793 1322 3864 recuperavit.

275 3878 390 3948 Sisque,
415 3875 556 3947 pudicitia
590 3880 768 3939 conservata,
793 3875 823 3928 in
848 3877 1027 3946 virginitatis
1063 3879 1189 3949 puritate
1212 3881 1247 3935 dc
1270 3882 1324 3936 hac

274 3968 336 4021 vita
370 3966 509 4035 migrasse
541 3982 593 4034 pro
627 3969 705 4018 (nerto
737 3964 872 4018 creditur.
931 3966 1005 4020 Cum
1043 3968 1190 4038 praedictis
1227 3977 1324 4026 antem

274 4057 416 4110 virtutum
440 4054 613 4124 insignibus,
637 4057 749 4107 tantam
772 4054 896 4124 gratiam
931 4055 975 4108 illi
1000 4057 1124 4128 propitia
1154 4059 1209 4114 Dei
1232 4060 1324 4130 pietas

274 4146 446 4209 contulerat,
471 4149 504 4198 ut
527 4149 586 4197 tarn
610 4143 750 4198 divitibus
774 4163 859 4215 quarn
883 4146 1056 4216 pauperibus
1091 4149 1272 4217 gratissimus
1295 4154 1325 4204 et

275 4235 440 4290 carissimus
462 4237 546 4288 esset.
592 4233 687 4298 Unde,
712 4250 882 4304 quocunque
913 4234 1094 4302 adveniebat,
1118 4237 1192 4292 miro
1227 4239 1324 4294 favore

275 4331 304 4380 et
327 4323 434 4396 gaudio
457 4322 679 4393 suscipiebatur,
703 4323 905 4388 venerabatur,
929 4323 1114 4395 diligebatur.

319 4414 406 4470 Anno
439 4413 531 4484 igitur
554 4411 716 4468 Dominicis
752 4412 960 4468 incarnationis
993 4419 1146 4481 M⁰c⁰t·111⁰,
1176 4425 1206 4472 et
1239 4418 1323 4489 regni

274 4503 396 4560 Heurici
421 4503 470 4568 ix⁰,
506 4519 563 4576 quo
586 4501 778 4570 desiderante,
802 4507 832 4558 et
865 4501 998 4557 unanimi
1022 4523 1163 4560 consensu
1185 4512 1215 4562 et
1248 4507 1322 4564 desi-

274 4595 354 4650 derio
377 4593 447 4650 cleri
470 4599 500 4648 et
532 4592 644 4664 populi,
669 4590 699 4646 in
731 4593 940 4648 Eboroceusem
972 4594 1261 4670 archiepiscopatum,
1283 4593 1324 4652 ut

274 4673 500 4761 supradictum
544 4677 604 4752 est,
642 4683 760 4748 electus,
799 4682 974 4755 pontificalis
1012 4683 1098 4740 officii
1137 4685 1321 4756 dignitatem,

274 4779 416 4846 quantum
439 4774 544 4845 potuit,
569 4771 652 4828 bonis
675 4772 810 4844 operibus
832 4773 953 4845 implero
976 4791 1042 4828 curn
1065 4793 1172 4846 magna
1203 4795 1272 4832 cura
1293 4781 1324 4832 et
