3606 5798
398 847 463 915 234
596 861 728 912 arrius
749 861 845 912 rsou
868 860 1092 915 rscnsrssos
1116 861 1236 914 naurs

396 1057 534 1160 moriens,
556 1056 681 1132 pallium
701 1073 818 1132 quoquc
837 1057 917 1132 qnod
938 1075 957 1116 a
979 1057 1112 1116 Romano
1133 1053 1269 1132 episcopo
1292 1061 1454 1133 acceperat,

306 1323 309 1330 .
396 1149 604 1309 rehqqrgffl
633 1227 832 1315 simplicium
863 1229 999 1296 auribus
1036 1229 1174 1315 plenum
1211 1234 1270 1308 est,
1304 1230 1383 1317 quia
1419 1228 1457 1293 in

399 1331 491 1398 omni
512 1330 660 1416 primatu
682 1331 734 1396 sui
758 1330 900 1398 similem
929 1331 1074 1398 alterum
1105 1329 1225 1398 habuit
1246 1332 1456 1419 Augustinus

399 1453 626 1512 successorem,
659 1434 725 1499 nisi
758 1435 843 1500 forte
875 1433 1095 1500 Eboraccnses
1132 1434 1248 1501 dicant
1279 1433 1456 1500 Paulinum

399 1557 497 1602 suum
519 1536 654 1602 interim
676 1557 744 1601 non
766 1537 953 1622 subjectum
975 1535 1137 1622 quamdiu
1159 1559 1247 1614 suus,
1270 1537 1457 1623 subjectum

398 1660 479 1704 vero
502 1639 581 1724 quia
603 1637 757 1705 Rofensis
790 1637 1002 1726 postmodum
1036 1642 1109 1705 erat
1141 1639 1322 1726 episcopus.
1369 1637 1458 1705 Sane

399 1739 558 1828 quioquid
580 1741 649 1827 egit
671 1741 885 1826 subjectionis
907 1741 1086 1826 praetendit
1108 1741 1277 1818 indicium,
1301 1743 1336 1806 et
1369 1741 1458 1826 quod

400 1843 525 1929 recepit
546 1841 691 1909 ecclesiae
714 1841 962 1908 Cantuariensis
984 1842 1114 1929 insigne
1149 1847 1220 1908 erat
1251 1841 1457 1908 beneficium.
1554 1887 1557 1895 -

232 1963 332 2016 Allthe
402 1944 555 2030 Denique
589 1945 626 2008 in
657 1949 729 2010 tota
761 1943 821 2010 illa
843 1943 995 2010 Historia
1017 1943 1215 2010 venerabilis
1247 1944 1347 2010 Bedoe
1369 1965 1458 2032 pres·

231 2032 384 2150 {ailwino
404 2047 515 2134 byteri
538 2050 665 2112 certum
697 2050 756 2123 est,
779 2046 962 2112 Eboracam
995 2068 1056 2112 nec
1089 2046 1176 2124 fidei,
1199 2067 1260 2114 nec
1290 2046 1458 2135 religionis

231 2135 379 2217 No'r'nwas
405 2147 508 2214 ullam
538 2147 692 2213 habuisse
730 2149 951 2214 constantiam
983 2149 1049 2214 nisi
1082 2149 1240 2216 beneficio
1278 2154 1313 2216 ct
1349 2149 1459 2236 gratia

233 2234 321 2282 sueto
407 2251 656 2318 (lantuariensis
693 2251 845 2329 ecclesiae,
884 2252 1007 2338 quippe
1056 2272 1131 2337 quse
1168 2273 1271 2337 usque
1308 2252 1353 2318 ad
1388 2251 1460 2320 haec

234 2298 393 2429 idlyteluver
406 2354 674 2420 Ncrmannorum
690 2359 838 2440 tempora
860 2354 920 2418 vix
942 2375 1090 2440 unquam
1114 2353 1245 2421 clericos
1268 2353 1323 2420 vel
1346 2375 1459 2421 mona-

233 2429 379 2548 }ssssffi
407 2457 485 2526 chos
507 2456 664 2534 instituit,
687 2477 747 2523 nec
770 2456 806 2520 in
829 2457 1000 2543 provincia
1022 2477 1084 2523 sua
1105 2456 1249 2542 aliquem
1272 2456 1460 2543 episcopum

128 2635 129 2638 Ἴ
234 2578 305 2632 gans.
407 2559 601 2646 procreavit,
624 2579 730 2644 neque
753 2559 826 2644 ipsa
848 2558 916 2623 suis
948 2559 1049 2625 etiam
1072 2558 1283 2644 pontificibus
1313 2558 1460 2645 sepultu-

407 2682 479 2728 ram
502 2663 699 2748 procuravit

235 2790 391 2843 acerras·
452 2767 587 2833 Interea
617 2771 693 2853 post
724 2768 954 2835 discessionem
977 2765 1110 2832 Paulini
1141 2767 1312 2854 provincia
1335 2765 1460 2834 North·

235 2858 377 2975 limene
407 2869 668 2957 anhymbrorum
711 2869 869 2958 religione
902 2869 1092 2936 fluctuabat
1126 2875 1161 2935 et
1193 2869 1259 2935 fide
1271 2895 1280 2950 ;
1311 2871 1462 2956 quocirca

235 2941 385 3042 partasius
407 2979 526 3060 rogatu
548 2973 620 3038 Deo
652 2973 766 3039 dilecti
799 2971 885 3058 regis
909 2970 1059 3039 Oswaldi
1092 2971 1282 3039 Scottorum
1316 2973 1463 3060 episcopi

237 3055 396 3176 {2⁰33qu
407 3075 514 3141 beatae
545 3075 711 3142 memoriae
744 3073 913 3139 Aidanum
951 3079 1175 3141 consecratum
1212 3075 1399 3141 antistitem
1427 3075 1465 3140 in

240 3204 306 3268 cere
408 3177 566 3264 Angliam
596 3177 860 3254 transmiserunt,
893 3175 952 3262 qui
983 3177 1111 3263 primus
1142 3175 1179 3241 in
1202 3175 1463 3244 Lindisfarnensi

236 3255 345 3372 timidi*
409 3279 518 3344 insula
533 3279 643 3345 sedem
658 3279 874 3366 episcopalem
889 3279 1033 3365 accepit:
1048 3283 1196 3366 tempore
1210 3299 1289 3345 vero
1304 3280 1466 3365 sequenti,

236 3387 372 3442 thumbria·
410 3382 551 3447 mutatis
573 3382 679 3460 rebus,
695 3381 753 3468 qui
776 3381 1050 3469 tuncepiscopus
1073 3379 1355 3447 Lindisfarnensis
1377 3401 1466 3448 nunc

410 3484 533 3550 dicitur
555 3487 591 3550 et
623 3488 675 3548 est
704 3483 956 3549 Dunelmensis:
978 3487 1055 3570 post
1077 3505 1176 3570 quern
1209 3483 1327 3549 itidem
1358 3483 1466 3550 Scotti

408 3607 513 3672 usquo
535 3585 579 3651 ad
600 3591 743 3672 quatuor
764 3585 892 3650 viritim
914 3585 1082 3672 episcopos
1104 3585 1148 3652 ad
1163 3585 1301 3652 eandem
1323 3585 1465 3653 insulam

409 3689 615 3754 direxerunt.

238 3803 321 3856 ruere
331 3814 398 3852 vere
454 3789 507 3856 De
543 3789 664 3877 quibus
713 3789 837 3856 Scottis
873 3787 1140 3876 praetereundum
1178 3808 1246 3853 non
1290 3793 1350 3868 est,
1389 3789 1469 3877 quia

240 3870 382 3988 ffl⁸
407 3894 509 3981 juxte
530 3893 699 3960 decretum
729 3891 820 3958 beati
841 3891 946 3978 patris
969 3891 1121 3977 Gregorii
1142 3891 1341 3978 suffraganei
1372 3897 1468 3958 erant

239 4003 349 4068 eerbury.
414 3994 663 4063 Oantuariensis
686 3993 939 4082 archiepiscopi:
962 3994 999 4058 in
1020 3993 1079 4060 illa
1100 4014 1244 4079 namque
1275 3995 1468 4081 saepe-dicta

412 4096 554 4185 epistola
590 4102 767 4184 postquam
808 4097 849 4162 de
890 4095 1105 4162 distinctione
1142 4094 1386 4162 Lundoniensis
1433 4101 1468 4164 et

413 4199 627 4267 Eboraccnsis
659 4199 813 4287 episcopi,
844 4197 933 4264 unde
970 4202 1125 4264 movetur
1155 4203 1253 4264 tanta
1289 4199 1467 4278 contentio,

413 4305 495 4369 satis
517 4307 630 4369 actum
653 4308 711 4380 est,
734 4301 859 4369 Beatus
882 4301 1060 4389 Gregorius
1093 4301 1137 4367 ad
1159 4301 1387 4389 Augustinum
1419 4303 1469 4369 ita

412 4405 586 4492 subjungit
618 4405 753 4472 dicens:
791 4415 853 4470 Tua
883 4431 953 4470 vero
986 4413 1156 4470 fraternitas
1187 4432 1247 4470 non
1281 4417 1377 4471 solum
1418 4433 1468 4472 eos
1482 4414 1640 4468 uncas.

412 4503 561 4574 episcopos
594 4521 667 4576 quos
698 4504 886 4570 ordinaverit,
919 4521 1014 4576 neque
1035 4505 1089 4559 hos
1118 4505 1321 4561 tantummodo
1344 4505 1395 4578 qui
1417 4523 1470 4578 per

412 4593 550 4649 Eboracae
588 4593 755 4665 episcopum
792 4593 902 4650 fuerint
947 4593 1085 4659 ordinati,
1136 4593 1187 4648 sed
1232 4595 1322 4650 etiam
1368 4613 1500 4664 omnes,

412 4681 575 4740 Britannia
609 4682 772 4742 sacerdotes
815 4685 931 4754 habeat,
964 4683 1026 4742 Deo
1067 4683 1193 4741 Domino
1235 4688 1336 4742 nostro
1378 4684 1471 4742 Jhcsu
