3606 5798
311 1663 1359 1850 vniinuisnmmcnmscon

498 1875 795 1968 luorons
834 1875 1171 1974 Auouruo.

683 2098 1032 2110 m

456 2290 664 2362 munins
686 2265 955 2382 sinopem
976 2291 1217 2362 coemens

354 2455 454 2522 Anno
500 2455 637 2524 Domini
673 2469 839 2535 u⁰o0xv⁰.,
878 2456 1002 2524 electus
1046 2455 1115 2522 fuit
1160 2454 1527 2526 venerabilissimum

310 2555 509 2624 Thurstinus
553 2557 589 2623 in
628 2545 865 2624 Eborercnsem
909 2557 1234 2644 archiepiscopatum,
1272 2541 1527 2670 unnoffifflgffffl·

308 2672 380 2723 xv0.
411 2658 548 2724 Henrici
580 2659 667 2746 regis
700 2657 804 2724 Primi
838 2664 914 2745 post
947 2663 1175 2744 conquaestum
1208 2643 1475 2750 Angliae3muce'.

309 2761 375 2844 qui,
403 2760 482 2827 lieet
503 2781 525 2826 o
546 2783 622 2848 rege
646 2761 767 2848 saepius
789 2765 876 2826 esset
897 2759 1098 2826 ammonitus
1124 2759 1359 2845 subjectionem
1371 2739 1495 2869 3¹22}ss
1504 2805 1519 2832 „

309 2861 498 2930 canonicam
529 2863 634 2928 fecere
665 2861 898 2929 Oentueriensi
934 2859 1177 2948 archiepiscopo
1211 2859 1515 2928 Rendul-ocmter-

309 2963 384 3050 pho,
414 2966 526 3061 potius
560 2963 662 3050 elegit
693 2963 859 3051 dignitate
890 2963 1002 3030 cedere
1037 2985 1135 3048 quem
1168 2961 1358 3030 Uantunriae
1370 2937 1445 3002 bury.

308 3065 449 3132 obedire.
506 3067 555 3131 At
588 3067 668 3130 dum
701 3067 854 3152 privatus
886 3065 1023 3142 sederet,
1054 3065 1161 3132 solitis
1192 3065 1358 3152 obsequiis

308 3167 498 3247 destitutus,
520 3189 608 3254 aeger
637 3168 708 3253 ipse
734 3167 917 3234 ambitione
945 3167 1026 3234 secti
1057 3168 1224 3253 poenituit,
1248 3191 1357 3256 regem

307 3269 397 3336 ultre
417 3290 508 3336 mere
530 3273 662 3336 secutus
685 3273 744 3336 est.
788 3269 857 3338 Ubi
879 3289 967 3356 pepe
981 3267 1158 3348 Peschelis,
1180 3291 1381 3356 procurem·

308 3371 399 3436 tibus
429 3369 465 3436 id
495 3370 623 3438 clericis
645 3367 830 3447 Thurstini,
853 3369 1027 3456 epistolem
1041 3371 1119 3456 regi
1142 3371 1268 3436 direxit
1297 3393 1357 3458 pro

308 3471 518 3538 restitutione
556 3470 737 3536 Tburstini.
784 3471 849 3550 Qui
880 3491 955 3538 cum
988 3471 1032 3537 ed
1063 3471 1174 3537 sedem
1209 3473 1356 3550 redisset,

307 3579 342 3639 et
379 3572 601 3640 obedientiam
632 3573 738 3640 fecere
769 3571 878 3638 edhuc
911 3570 1101 3640 Oentuerise
1135 3575 1356 3652 detrectasset,

306 3681 485 3742 renovetur
506 3676 683 3760 antiquum
705 3674 886 3740 dissidium.
1413 3745 1415 3751 A

352 3778 515 3846 Stetuunt
536 3777 649 3842 Remis
673 3775 858 3842 Concilium
892 3777 1083 3844 contrahere
1115 3799 1174 3864 pro
1200 3780 1356 3846 termine·

306 3881 396 3946 tione
419 3899 535 3948 oousae.
580 3879 649 3944 Ubi
683 3899 770 3965 pepe
800 3879 906 3964 primo
937 3880 1089 3964 promisit
1119 3882 1189 3967 regi
1211 3881 1356 3948 Henrioo

306 3986 341 4046 et
385 3979 575 4046 Cantueriae
620 3978 829 4066 chdulpho,
868 3979 953 4044 nihil
997 3985 1112 4046 contre
1156 3981 1385 4068 dignitatem

307 4081 555 4148 Cantueriensis
579 4080 722 4148 ecolesiae
754 4085 907 4148 statuere.
954 4079 1020 4147 Sed
1050 4081 1260 4168 postmodum
1292 4082 1353 4149 Oa-
1366 4096 1512 4152 mecoen-

305 4185 409 4250 lixtus
432 4205 527 4272 pepe,
550 4185 586 4250 in
609 4183 783 4250 Franciem
806 4205 937 4270 gressus
959 4183 1113 4272 dirigens,
1136 4187 1206 4252 xiii.
1238 4163 1480 4283 kalessuililm

306 4287 365 4352 dus
402 4285 609 4365 Novembris,
641 4285 754 4354 Remis
792 4285 952 4351 Gencrele
986 4283 1171 4353 Concilium
1205 4289 1355 4356 instituit
1365 4297 1514 4418 walt„

305 4387 471 4456 celebrari.
516 4385 586 4454 Ubi
619 4401 779 4454 numeretae
810 4401 881 4451 sunt
913 4413 1101 4469 personarum
1139 4392 1354 4476 pastoralium

338 4589 621 4656 ¹'1'bereisesiugulnr
633 4588 804 4640 combination
855 4589 1023 4656 Cunterbury,
1041 4591 1086 4643 the
1105 4607 1192 4645 verses
1211 4597 1246 4662 by
1269 4597 1357 4648 ardent

303 4669 415 4723 intinere
433 4669 607 4738 biogmphicel
624 4667 716 4734 piecee.
749 4668 804 4719 'Ibe
853 4667 948 4720 friends
960 4669 989 4720 of
996 4669 1107 4722 'l'ursdn

303 4751 359 4802 first
382 4750 403 4800 is
426 4748 526 4800 written
549 4750 584 4815 by
607 4764 622 4798 e
644 4747 756 4813 particen
779 4746 810 4797 oi

1154 4858 1178 4906 R
1201 4845 1220 4905 2
