3530 5790
624 880 669 928 er
691 879 831 930 rusum
853 879 987 930 eruere.
1254 865 1319 930 399

185 1053 188 1060 ’
265 1064 433 1130 ministros
457 1065 690 1133 ecclesiasticos
712 1066 835 1132 diversi
858 1067 982 1132 ordinis
1004 1067 1046 1133 ad
1069 1067 1320 1134 celebrationem

266 1166 463 1232 Diviuorum
488 1168 524 1233 in
547 1190 587 1234 ea
610 1174 786 1256 perpetuos
820 1169 993 1248 instituit,1
1015 1191 1156 1256 quorum
1179 1173 1322 1256 quatuor

265 1290 334 1334 esse
357 1271 549 1349 sacerdotes,
572 1278 716 1357 quatuor
747 1271 909 1350 diaconos,
932 1277 966 1337 et
1000 1270 1165 1358 quatuor2
1188 1271 1319 1337 subdia-

263 1389 369 1448 conos,
394 1376 429 1435 et
451 1392 556 1436 unum
579 1372 761 1450 sacristam,
784 1373 842 1458 qui
865 1377 1021 1458 praeesset
1044 1373 1189 1458 reliquis,
1212 1373 1320 1439 decre-

265 1473 324 1550 vit,
357 1495 455 1560 quem
488 1477 658 1542 custodem
690 1477 795 1563 ipsius
826 1477 970 1561 capellae,
1004 1484 1038 1544 et
1076 1483 1320 1564 procuratorem

266 1575 414 1640 omnium
436 1584 658 1663 proventuum
692 1579 855 1644 dictarum
879 1579 922 1642 xi.
947 1579 1156 1646 ecclesiarum
1179 1580 1221 1644 ad
1245 1601 1320 1644 ean·

265 1676 340 1742 dem
363 1679 522 1764 capellam
554 1681 795 1766 pertinentium
830 1681 1012 1746 constituit.
1061 1681 1105 1746 Et
1128 1703 1169 1746 ne
1199 1681 1321 1746 eisdem

266 1779 425 1845 ministris
457 1787 645 1867 competens
678 1782 805 1846 deesset
839 1781 1047 1859 sustentatio
1080 1784 1201 1848 statuit
1234 1784 1321 1848 idem

263 1879 526 1968 archiepiscopus
559 1890 600 1949 ut
633 1883 859 1968 unusquisque
895 1883 1126 1969 praedictorum
1151 1884 1321 1971 presbyte-

263 2004 374 2048 rorum
397 1985 509 2050 decem
542 2007 677 2062 marcas,
700 1985 927 2072 unusquisque
961 1993 1073 2051 autem
1106 1987 1318 2053 diaconorum

266 2101 294 2150 c,
329 2087 459 2164 solidos,
499 2085 748 2174 unusquisque³
786 2087 1061 2153 subdiaconorum
1100 2109 1158 2154 sex
1196 2111 1321 2156 marcas

265 2189 393 2273 ergenii
417 2189 565 2274 quolibet
595 2212 682 2254 anno
713 2211 772 2276 per
794 2189 933 2255 manus4
955 2192 1100 2258 sacristae
1131 2193 1320 2278 perciperet.
1417 2231 1420 2236 ·

267 2288 448 2354 Residuum
472 2313 551 2356 vero
583 2293 815 2377 praedictorum
851 2293 1041 2356 reddituum
1074 2293 1109 2357 in
1142 2315 1238 2359 usum
1270 2317 1320 2361 aa·

265 2390 373 2455 cristae
405 2391 553 2456 converti
586 2393 758 2476 disposuit.
805 2392 849 2455 Et
879 2393 958 2476 quia
989 2395 1138 2460 canonici
1174 2397 1320 2480 praefatae
1337 2412 1375 2462 110
1389 2428 1429 2462 ar-

267 2492 409 2558 ecclesiee
434 2493 528 2558 Beati
553 2493 644 2558 Petri
668 2515 768 2579 super
790 2494 858 2558 situ
881 2493 980 2559 dictae
1004 2495 1147 2580 capellae,
1171 2519 1209 2562 eo
1232 2499 1321 2584 quod
1335 2494 1449 2595 {ffiffl

266 2593 365 2658 nimis
399 2595 541 2660 adhaesit
572 2595 702 2660 matrici
733 2594 884 2672 ccclesiae,
919 2617 1019 2680 penes
1041 2597 1320 2685 archiepiscopum
1336 2611 1472 2661 eauonsot

270 2697 433 2782 Rogerum
449 2697 597 2783 graviter
613 2697 873 2772 murmurabant,
889 2698 1010 2762 statuit
1033 2699 1121 2762 idem
1144 2700 1321 2788 archicpis—
1336 2746 1412 2794 about
1424 2745 1467 2794 the

268 2819 378 2884 copus,
404 2799 447 2863 ad
478 2800 657 2864 eorundem
688 2799 918 2864 canonicorum
942 2809 976 2863 et
998 2821 1218 2866 successorum
1242 2825 1316 2869 suo·
1336 2811 1431 2875 charel·

219 2882 225 2960 s
266 2921 339 2962 rum
363 2899 641 2976 exonerationem,
665 2908 700 2964 et
731 2899 885 2984 perfectae
917 2900 1006 2986 pacis
1039 2906 1073 2966 et
1104 2903 1254 2968 caritatis
1288 2912 1322 2970 et

266 3001 407 3065 unitatis
430 3001 518 3066 inter
541 3003 628 3086 ipsos
655 3001 937 3086 archiepiscopum
960 3005 994 3066 et
1017 3004 1199 3089 capitulum
1222 3007 1321 3072 eccle·
1378 3043 1383 3051 ·

264 3103 322 3166 siae
346 3103 442 3168 Beati
464 3102 555 3168 Petri
579 3110 613 3168 et
636 3124 834 3168 successores
858 3103 1027 3187 ejusdem⁵
1049 3111 1242 3192 perpetuam
1266 3108 1321 3173 fir-

181 3199 183 3204 ’
209 3277 214 3282 ,
267 3205 427 3282 mitatem,
443 3210 483 3269 ut
505 3205 641 3270 sacrista
656 3205 802 3290 ejusdem
818 3193 951 3290 capellae
967 3226 1006 3270 aa
1029 3227 1102 3291 quae
1125 3209 1169 3272 ad
1191 3209 1321 3276 eosdem

266 3306 438 3371 canonicos
476 3311 628 3392 spectant
664 3305 700 3369 in
738 3307 791 3371 die
815 3304 928 3372 Coeum
960 3307 1152 3386 Dominicee,
1186 3317 1254 3375 tam
1286 3313 1321 3377 in

264 3409 370 3494 epulis
394 3431 493 3495 quam
516 3410 553 3472 in
569 3406 670 3486 vino,6
685 3407 851 3486 cerevisia,
872 3417 906 3473 et
929 3411 1025 3487 vasis
1049 3417 1083 3476 et
1106 3433 1192 3498 aqua
1215 3416 1321 3482 calida

266 3510 309 3575 ad
331 3510 535 3575 ablutionem
558 3510 679 3596 pedum
702 3509 848 3595 ipsorum
879 3512 1108 3577 canonicorum
1136 3521 1170 3580 et
1192 3516 1321 3582 clerico-

268 3633 343 3676 rum
366 3617 401 3676 et
433 3631 625 3697 pauperum,
657 3617 692 3676 et
714 3623 751 3674 ΧΗ
773 3611 904 3698 argenti
937 3613 983 3678 lx,
1015 3617 1215 3700 pauperibus
1247 3625 1323 3705 post

266 3713 470 3778 ablutionem
502 3715 624 3800 pedum
657 3735 793 3778 suorum
817 3714 1073 3794 distribuendos,
1097 3723 1132 3782 et
1158 3720 1322 3800 victualia,

266 3837 340 3901 quae
373 3814 555 3882 secundum
586 3815 860 3881 consuetudinem
892 3817 1039 3881 matricis
1073 3819 1216 3886 ecelesias
1239 3822 1322 3887 sole·

266 3918 349 3983 bant
371 3918 444 4003 ipso
466 3917 519 3982 die
542 3917 744 4002 pauperibus
773 3921 847 4002 post
880 3917 1084 3983 ablutionem
1116 3921 1238 4006 pedum
1261 3925 1321 3987 mi-

266 4019 410 4096 nistrari,
443 4018 630 4104 sumptibus
663 4017 732 4082 suis
770 4018 913 4103 propriis
952 4020 1126 4086 inveniret.
1174 4023 1256 4090 Haeo
1288 4031 1322 4090 ct

265 4120 332 4186 alia
355 4119 461 4184 multa
484 4121 632 4205 Rogerus
662 4119 934 4206 archiepiscopus,
957 4123 1000 4186 ad
1022 4121 1178 4188 honorem
1202 4125 1264 4191 Dei
1288 4135 1323 4193 et

266 4223 409 4290 ecclesiae
432 4221 488 4307 qui
513 4228 653 4307 praeerat
675 4222 833 4300 decorem,
856 4222 892 4284 in
914 4224 1196 4310 archiepiscopatu
1219 4231 1322 4313 gessit

265 4325 372 4390 utilia.
778 4345 782 4350 ’

311 4427 404 4492 Idem
428 4427 529 4492 etiam
552 4427 710 4512 Rogatus
733 4446 820 4491 anuo
854 4427 1062 4513 episcopatus
1083 4431 1135 4493 sui
1158 4433 1263 4498 xxvii.
1287 4433 1473 4552 “iiiiii

1249 4590 1319 4598 —-—-

721 4580 797 4587 ———-
832 4582 838 4586 .

301 4652 308 4684 ¹
329 4647 452 4716 instituit]
472 4650 613 4710 constituit,
625 4651 656 4701 Β.
670 4649 702 4702 G.
850 4651 861 4684 ⁴
878 4653 980 4718 manua]
1000 4667 1112 4714 manum,
1124 4655 1154 4706 E.
1168 4657 1201 4709 G.

300 4731 310 4764 ⁹
327 4739 350 4780 et
362 4731 482 4796 mutuor]
502 4736 610 4796 quatuor
621 4746 690 4791 vero,
703 4731 735 4782 G.
849 4732 859 4764 ⁵
877 4732 998 4798 quadan]
1017 4736 1162 4797 eorundem,
1173 4737 1204 4787 a.

300 4813 310 4844 ³
328 4809 508 4877 utracumque]
530 4823 590 4861 varo
601 4811 648 4860 ins.
660 4811 691 4861 Ε.
849 4809 859 4842 ⁶
876 4811 946 4878 vino]
967 4818 993 4862 et
1004 4813 1050 4862 im.
1063 4814 1138 4868 B.·c.
1150 4815 1181 4866 E.
1195 4817 1227 4867 G.

1336 2679 1379 2727 the
1386 2679 1491 2728 minster
1560 2701 1562 2706 ·
