<?xml version="1.0" encoding="UTF-8"?>
<!DOCTYPE html PUBLIC "-//W3C//DTD XHTML 1.0 Transitional//EN"
    "http://www.w3.org/TR/xhtml1/DTD/xhtml1-transitional.dtd">
<html xmlns="http://www.w3.org/1999/xhtml" xml:lang="en" lang="en">
 <head>
  <title>
</title>
<meta http-equiv="Content-Type" content="text/html;charset=utf-8" />
  <meta name='ocr-system' content='tesseract 3.04.00' />
  <meta name='ocr-capabilities' content='ocr_page ocr_carea ocr_par ocr_line ocrx_word'/>
</head>
<body>
  <div class='ocr_page' id='page_1' title='image "./historianschurc00raingoog/historianschurc00raingoog_0120.png"; bbox 0 0 3582 5798; ppageno 0'>
   <div class='ocr_carea' id='block_1_1' title="bbox 402 897 1139 968">
    <p class='ocr_par' dir='ltr' id='par_1_1' title="bbox 402 897 1139 968">
     <span class='ocr_line' id='line_1_1' title="bbox 402 897 1139 968; baseline -0.007 -2"><span class='ocrx_word' id='word_1_1' title='bbox 402 897 445 968; x_wconf 84' lang='lat'><strong>78</strong></span> <span class='ocrx_word' id='word_1_2' title='bbox 732 913 815 962; x_wconf 75' lang='lat' dir='ltr'><strong>vrrs</strong></span> <span class='ocrx_word' id='word_1_3' title='bbox 838 913 960 962; x_wconf 76' lang='lat' dir='ltr'><strong>aaron</strong></span> <span class='ocrx_word' id='word_1_4' title='bbox 984 911 1139 961; x_wconf 76' lang='lat' dir='ltr'><strong>oswannr</strong></span> 
     </span>
    </p>
   </div>
   <div class='ocr_carea' id='block_1_2' title="bbox 227 1103 1464 1190">
    <p class='ocr_par' dir='ltr' id='par_1_2' title="bbox 227 1103 1464 1190">
     <span class='ocr_line' id='line_1_2' title="bbox 227 1103 1464 1190; baseline -0.001 -21"><span class='ocrx_word' id='word_1_5' title='bbox 227 1128 273 1177; x_wconf 60' lang='lat' dir='ltr'><strong>she</strong></span> <span class='ocrx_word' id='word_1_6' title='bbox 286 1135 368 1185; x_wconf 76' lang='lat' dir='ltr'><strong>stone,</strong></span> <span class='ocrx_word' id='word_1_7' title='bbox 401 1103 595 1168; x_wconf 76' lang='lat' dir='ltr'><strong>laborantes.</strong></span> <span class='ocrx_word' id='word_1_8' title='bbox 650 1103 743 1168; x_wconf 88' lang='lat' dir='ltr'><strong>Tunc</strong></span> <span class='ocrx_word' id='word_1_9' title='bbox 789 1103 928 1168; x_wconf 88' lang='lat' dir='ltr'><strong>Sanctus</strong></span> <span class='ocrx_word' id='word_1_10' title='bbox 976 1104 1153 1190; x_wconf 85' lang='lat' dir='ltr'><strong>indignans</strong></span> <span class='ocrx_word' id='word_1_11' title='bbox 1196 1104 1260 1168; x_wconf 85' lang='lat' dir='ltr'>sibi</span> <span class='ocrx_word' id='word_1_12' title='bbox 1304 1103 1400 1168; x_wconf 93' lang='lat' dir='ltr'><strong>illudi</strong></span> <span class='ocrx_word' id='word_1_13' title='bbox 1443 1124 1464 1168; x_wconf 87' lang='lat' dir='ltr'><strong>a</strong></span> 
     </span>
    </p>
   </div>
   <div class='ocr_carea' id='block_1_3' title="bbox 230 1195 1462 1310">
    <p class='ocr_par' dir='ltr' id='par_1_3' title="bbox 230 1195 1462 1310">
     <span class='ocr_line' id='line_1_3' title="bbox 230 1195 1462 1310; baseline -0.001 -40"><span class='ocrx_word' id='word_1_14' title='bbox 230 1195 377 1310; x_wconf 44' lang='lat' dir='ltr'><strong>{pplggves</strong></span> <span class='ocrx_word' id='word_1_15' title='bbox 403 1205 559 1282; x_wconf 82' lang='lat' dir='ltr'><strong>daemone,</strong></span> <span class='ocrx_word' id='word_1_16' title='bbox 597 1205 753 1292; x_wconf 87' lang='lat' dir='ltr'><strong>colligens</strong></span> <span class='ocrx_word' id='word_1_17' title='bbox 791 1206 945 1291; x_wconf 89' lang='lat' dir='ltr'><strong>spiritum</strong></span> <span class='ocrx_word' id='word_1_18' title='bbox 985 1207 1020 1269; x_wconf 95' lang='lat' dir='ltr'><strong>in</strong></span> <span class='ocrx_word' id='word_1_19' title='bbox 1059 1206 1186 1270; x_wconf 82' lang='lat' dir='ltr'><strong>virtute</strong></span> <span class='ocrx_word' id='word_1_20' title='bbox 1224 1203 1310 1283; x_wconf 87' lang='lat' dir='ltr'><strong>fidei,</strong></span> <span class='ocrx_word' id='word_1_21' title='bbox 1343 1215 1462 1286; x_wconf 80' lang='lat' dir='ltr'><strong>signum</strong></span> 
     </span>
    </p>
   </div>
   <div class='ocr_carea' id='block_1_4' title="bbox 231 1307 1590 1760">
    <p class='ocr_par' dir='ltr' id='par_1_4' title="bbox 231 1307 1461 1394">
     <span class='ocr_line' id='line_1_4' title="bbox 231 1307 1461 1394; baseline -0.003 -19"><span class='ocrx_word' id='word_1_22' title='bbox 231 1327 347 1376; x_wconf 80' lang='lat' dir='ltr'><strong>withthe</strong></span> <span class='ocrx_word' id='word_1_23' title='bbox 402 1317 495 1372; x_wconf 80' lang='lat' dir='ltr'><strong>crucis</strong></span> <span class='ocrx_word' id='word_1_24' title='bbox 527 1317 653 1385; x_wconf 80' lang='lat' dir='ltr'>intorsit,</span> <span class='ocrx_word' id='word_1_25' title='bbox 676 1307 795 1373; x_wconf 70' lang='lat' dir='ltr'><strong>imcem</strong></span> <span class='ocrx_word' id='word_1_26' title='bbox 828 1309 962 1386; x_wconf 86' lang='lat' dir='ltr'><strong>levavit,</strong></span> <span class='ocrx_word' id='word_1_27' title='bbox 997 1308 1245 1394; x_wconf 74' lang='lat' dir='ltr'><strong>daemonemque</strong></span> <span class='ocrx_word' id='word_1_28' title='bbox 1278 1309 1313 1372; x_wconf 89' lang='lat' dir='ltr'><strong>in</strong></span> <span class='ocrx_word' id='word_1_29' title='bbox 1347 1309 1461 1394; x_wconf 85' lang='lat' dir='ltr'><strong>fugam</strong></span> 
     </span>
    </p>

    <p class='ocr_par' dir='ltr' id='par_1_5' title="bbox 231 1393 1590 1502">
     <span class='ocr_line' id='line_1_5' title="bbox 231 1393 1590 1502; baseline -0.001 -27"><span class='ocrx_word' id='word_1_30' title='bbox 231 1393 380 1458; x_wconf 62' lang='lat' dir='ltr'><strong>⁸ig¹¹⁰f¹h⁰</strong></span> <span class='ocrx_word' id='word_1_31' title='bbox 402 1410 569 1495; x_wconf 74' lang='lat' dir='ltr'>compulit.</span> <span class='ocrx_word' id='word_1_32' title='bbox 632 1409 678 1473; x_wconf 78' lang='lat' dir='ltr'><strong>Et</strong></span> <span class='ocrx_word' id='word_1_33' title='bbox 709 1419 794 1490; x_wconf 86' lang='lat' dir='ltr'><strong>lapis,</strong></span> <span class='ocrx_word' id='word_1_34' title='bbox 829 1399 919 1490; x_wconf 70' lang='lat' dir='ltr'><strong>¹quern</strong></span> <span class='ocrx_word' id='word_1_35' title='bbox 958 1419 1107 1489; x_wconf 83' lang='lat' dir='ltr'><strong>octaginta</strong></span> <span class='ocrx_word' id='word_1_36' title='bbox 1144 1419 1201 1472; x_wconf 82' lang='lat' dir='ltr'><strong>viri</strong></span> <span class='ocrx_word' id='word_1_37' title='bbox 1239 1426 1307 1475; x_wconf 82' lang='lat' dir='ltr'><strong>anic</strong></span> <span class='ocrx_word' id='word_1_38' title='bbox 1345 1437 1461 1475; x_wconf 86' lang='lat' dir='ltr'><strong>movere</strong></span> <span class='ocrx_word' id='word_1_39' title='bbox 1473 1439 1590 1502; x_wconf 52' lang='lat' dir='ltr'><strong>namt,</strong></span> 
     </span>
    </p>

    <p class='ocr_par' dir='ltr' id='par_1_6' title="bbox 247 1475 1586 1760">
     <span class='ocr_line' id='line_1_6' title="bbox 247 1475 1549 1580; baseline -0.001 -17"><span class='ocrx_word' id='word_1_40' title='bbox 247 1475 275 1510; x_wconf 66' lang='lat' dir='ltr'><strong>m</strong></span> <span class='ocrx_word' id='word_1_41' title='bbox 291 1477 310 1510; x_wconf 50' lang='grc' dir='ltr'><strong>θ’</strong></span> <span class='ocrx_word' id='word_1_42' title='bbox 402 1509 572 1580; x_wconf 72' lang='lat' dir='ltr'>nequibant,</span> <span class='ocrx_word' id='word_1_43' title='bbox 596 1526 613 1563; x_wconf 84' lang='lat' dir='ltr'><strong>a</strong></span> <span class='ocrx_word' id='word_1_44' title='bbox 636 1509 735 1579; x_wconf 86' lang='lat' dir='ltr'><strong>paucis</strong></span> <span class='ocrx_word' id='word_1_45' title='bbox 758 1508 858 1562; x_wconf 84' lang='lat' dir='ltr'><strong>statim</strong></span> <span class='ocrx_word' id='word_1_46' title='bbox 882 1509 994 1563; x_wconf 88' lang='lat' dir='ltr'><strong>levatus</strong></span> <span class='ocrx_word' id='word_1_47' title='bbox 1017 1514 1071 1573; x_wconf 88' lang='lat' dir='ltr'><strong>cst,</strong></span> <span class='ocrx_word' id='word_1_48' title='bbox 1095 1509 1170 1563; x_wconf 85' lang='lat' dir='ltr'><strong>etin</strong></span> <span class='ocrx_word' id='word_1_49' title='bbox 1187 1525 1273 1580; x_wconf 82' lang='lat' dir='ltr'><strong>opere</strong></span> <span class='ocrx_word' id='word_1_50' title='bbox 1294 1509 1549 1570; x_wconf 63' lang='lat' dir='ltr'><strong>collocassem.</strong></span> 
     </span>
     <span class='ocr_line' id='line_1_7' title="bbox 404 1597 1461 1670; baseline 0.001 -18"><span class='ocrx_word' id='word_1_51' title='bbox 404 1599 531 1670; x_wconf 90' lang='lat' dir='ltr'><strong>Populus</strong></span> <span class='ocrx_word' id='word_1_52' title='bbox 554 1599 604 1669; x_wconf 92' lang='lat' dir='ltr'><strong>qui</strong></span> <span class='ocrx_word' id='word_1_53' title='bbox 628 1598 664 1652; x_wconf 87' lang='lat' dir='ltr'><strong>od</strong></span> <span class='ocrx_word' id='word_1_54' title='bbox 688 1599 742 1652; x_wconf 87' lang='lat' dir='ltr'><strong>hoc</strong></span> <span class='ocrx_word' id='word_1_55' title='bbox 765 1598 955 1669; x_wconf 81' lang='lat' dir='ltr'><strong>spectandum</strong></span> <span class='ocrx_word' id='word_1_56' title='bbox 978 1597 1107 1669; x_wconf 90' lang='lat' dir='ltr'><strong>undique</strong></span> <span class='ocrx_word' id='word_1_57' title='bbox 1128 1597 1259 1663; x_wconf 82' lang='lat' dir='ltr'><strong>fluxerat,</strong></span> <span class='ocrx_word' id='word_1_58' title='bbox 1276 1599 1461 1654; x_wconf 75' lang='lat' dir='ltr'><strong>considerans</strong></span> 
     </span>
     <span class='ocr_line' id='line_1_8' title="bbox 402 1679 1586 1760; baseline 0 -18"><span class='ocrx_word' id='word_1_59' title='bbox 402 1695 550 1760; x_wconf 82' lang='lat' dir='ltr'><strong>potentem</strong></span> <span class='ocrx_word' id='word_1_60' title='bbox 588 1688 727 1742; x_wconf 82' lang='lat' dir='ltr'><strong>virtutem</strong></span> <span class='ocrx_word' id='word_1_61' title='bbox 762 1679 835 1754; x_wconf 81' lang='lat' dir='ltr'><strong>viri,</strong></span> <span class='ocrx_word' id='word_1_62' title='bbox 868 1688 1106 1758; x_wconf 83' lang='lat' dir='ltr'><strong>glorificaverunt</strong></span> <span class='ocrx_word' id='word_1_63' title='bbox 1144 1688 1247 1754; x_wconf 89' lang='lat' dir='ltr'><strong>Deum,</strong></span> <span class='ocrx_word' id='word_1_64' title='bbox 1287 1689 1343 1758; x_wconf 77' lang='lat' dir='ltr'><strong>Qui</strong></span> <span class='ocrx_word' id='word_1_65' title='bbox 1381 1689 1462 1743; x_wconf 91' lang='lat' dir='ltr'><strong>dedit</strong></span> <span class='ocrx_word' id='word_1_66' title='bbox 1473 1697 1499 1748; x_wconf 81' lang='lat' dir='ltr'><strong>s.</strong></span> <span class='ocrx_word' id='word_1_67' title='bbox 1512 1702 1586 1750; x_wconf 63' lang='lat' dir='ltr'><strong>Matr,</strong></span> 
     </span>
    </p>
   </div>
   <div class='ocr_carea' id='block_1_5' title="bbox 231 1764 1621 2542">
    <p class='ocr_par' dir='ltr' id='par_1_7' title="bbox 231 1764 1542 2133">
     <span class='ocr_line' id='line_1_9' title="bbox 404 1764 1542 1850; baseline -0.003 -17"><span class='ocrx_word' id='word_1_68' title='bbox 404 1783 576 1850; x_wconf 83' lang='lat' dir='ltr'><strong>potestatem</strong></span> <span class='ocrx_word' id='word_1_69' title='bbox 599 1778 687 1830; x_wconf 89' lang='lat' dir='ltr'><strong>talem</strong></span> <span class='ocrx_word' id='word_1_70' title='bbox 711 1777 887 1831; x_wconf 89' lang='lat' dir='ltr'><strong>bominibus.</strong></span> <span class='ocrx_word' id='word_1_71' title='bbox 1472 1764 1506 1816; x_wconf 65' lang='lat' dir='ltr'><strong>ix·</strong></span> <span class='ocrx_word' id='word_1_72' title='bbox 1520 1771 1542 1818; x_wconf 71' lang='grc' dir='ltr'><strong>θ·</strong></span> 
     </span>
     <span class='ocr_line' id='line_1_10' title="bbox 233 1857 1461 1932; baseline -0.008 -1"><span class='ocrx_word' id='word_1_73' title='bbox 233 1881 390 1932; x_wconf 84' lang='lat' dir='ltr'><strong>Thechurch</strong></span> <span class='ocrx_word' id='word_1_74' title='bbox 448 1868 608 1922; x_wconf 81' lang='lat' dir='ltr'><strong>Perfectum</strong></span> <span class='ocrx_word' id='word_1_75' title='bbox 624 1857 742 1921; x_wconf 82' lang='lat' dir='ltr'><strong>deinde</strong></span> <span class='ocrx_word' id='word_1_76' title='bbox 758 1867 909 1922; x_wconf 86' lang='lat' dir='ltr'><strong>ecclesiam</strong></span> <span class='ocrx_word' id='word_1_77' title='bbox 933 1868 963 1920; x_wconf 89' lang='lat' dir='ltr'><strong>iu</strong></span> <span class='ocrx_word' id='word_1_78' title='bbox 988 1867 1097 1921; x_wconf 90' lang='lat' dir='ltr'><strong>bonore</strong></span> <span class='ocrx_word' id='word_1_79' title='bbox 1121 1857 1234 1922; x_wconf 79' lang='lat' dir='ltr'><strong>Beatae</strong></span> <span class='ocrx_word' id='word_1_80' title='bbox 1258 1867 1361 1922; x_wconf 86' lang='lat' dir='ltr'><strong>Mariae</strong></span> <span class='ocrx_word' id='word_1_81' title='bbox 1386 1858 1461 1922; x_wconf 82' lang='lat' dir='ltr'><strong>Vir-</strong></span> 
     </span>
     <span class='ocr_line' id='line_1_11' title="bbox 232 1947 1461 2033; baseline 0 -22"><span class='ocrx_word' id='word_1_82' title='bbox 232 1947 364 1998; x_wconf 62' lang='lat' dir='ltr'><strong>dtffifflled</strong></span> <span class='ocrx_word' id='word_1_83' title='bbox 401 1949 487 2033; x_wconf 83' lang='lat' dir='ltr'><strong>ginis</strong></span> <span class='ocrx_word' id='word_1_84' title='bbox 522 1956 676 2020; x_wconf 86' lang='lat' dir='ltr'><strong>dedicavit,</strong></span> <span class='ocrx_word' id='word_1_85' title='bbox 712 1956 811 2026; x_wconf 84' lang='lat' dir='ltr'>ibique</span> <span class='ocrx_word' id='word_1_86' title='bbox 843 1957 999 2011; x_wconf 85' lang='lat' dir='ltr'><strong>monachos</strong></span> <span class='ocrx_word' id='word_1_87' title='bbox 1038 1957 1237 2026; x_wconf 73' lang='lat' dir='ltr'><strong>congregavit,</strong></span> <span class='ocrx_word' id='word_1_88' title='bbox 1272 1948 1308 2011; x_wconf 88' lang='lat' dir='ltr'><strong>in</strong></span> <span class='ocrx_word' id='word_1_89' title='bbox 1341 1947 1461 2032; x_wconf 89' lang='lat' dir='ltr'><strong>quibus</strong></span> 
     </span>
     <span class='ocr_line' id='line_1_12' title="bbox 231 2014 1459 2133; baseline 0.001 -22"><span class='ocrx_word' id='word_1_90' title='bbox 231 2016 301 2066; x_wconf 85' lang='lat' dir='ltr'><strong>t013.</strong></span> <span class='ocrx_word' id='word_1_91' title='bbox 314 2014 351 2062; x_wconf 84' lang='lat' dir='ltr'><strong>M.</strong></span> <span class='ocrx_word' id='word_1_92' title='bbox 402 2049 481 2112; x_wconf 88' lang='lat' dir='ltr'><strong>fides</strong></span> <span class='ocrx_word' id='word_1_93' title='bbox 504 2049 641 2112; x_wconf 88' lang='lat' dir='ltr'><strong>haberet</strong></span> <span class='ocrx_word' id='word_1_94' title='bbox 664 2049 826 2124; x_wconf 87' lang='lat' dir='ltr'><strong>meritum,</strong></span> <span class='ocrx_word' id='word_1_95' title='bbox 843 2053 876 2113; x_wconf 84' lang='lat' dir='ltr'><strong>et</strong></span> <span class='ocrx_word' id='word_1_96' title='bbox 894 2049 1062 2133; x_wconf 88' lang='lat' dir='ltr'><strong>religionis</strong></span> <span class='ocrx_word' id='word_1_97' title='bbox 1078 2048 1187 2113; x_wconf 88' lang='lat' dir='ltr'><strong>cultus</strong></span> <span class='ocrx_word' id='word_1_98' title='bbox 1211 2049 1459 2114; x_wconf 87' lang='lat' dir='ltr'><strong>incrementum.</strong></span> 
     </span>
    </p>

    <p class='ocr_par' dir='ltr' id='par_1_8' title="bbox 403 2149 1461 2236">
     <span class='ocr_line' id='line_1_13' title="bbox 403 2149 1461 2236; baseline 0.001 -22"><span class='ocrx_word' id='word_1_99' title='bbox 403 2151 566 2215; x_wconf 83' lang='lat' dir='ltr'><strong>Fervebat</strong></span> <span class='ocrx_word' id='word_1_100' title='bbox 589 2173 671 2236; x_wconf 89' lang='lat' dir='ltr'><strong>opus</strong></span> <span class='ocrx_word' id='word_1_101' title='bbox 703 2151 830 2227; x_wconf 87' lang='lat' dir='ltr'><strong>salutis,</strong></span> <span class='ocrx_word' id='word_1_102' title='bbox 859 2151 1003 2235; x_wconf 65' lang='lat' dir='ltr'><strong>justitiae</strong></span> <span class='ocrx_word' id='word_1_103' title='bbox 1036 2151 1201 2215; x_wconf 86' lang='lat' dir='ltr'><strong>canticum</strong></span> <span class='ocrx_word' id='word_1_104' title='bbox 1236 2152 1273 2214; x_wconf 89' lang='lat' dir='ltr'><strong>in</strong></span> <span class='ocrx_word' id='word_1_105' title='bbox 1307 2149 1461 2216; x_wconf 85' lang='lat' dir='ltr'><strong>manibus</strong></span> 
     </span>
    </p>

    <p class='ocr_par' dir='ltr' id='par_1_9' title="bbox 402 2252 1458 2338">
     <span class='ocr_line' id='line_1_14' title="bbox 402 2252 1458 2338; baseline 0 -20"><span class='ocrx_word' id='word_1_106' title='bbox 402 2275 514 2318; x_wconf 88' lang='lat' dir='ltr'><strong>corum</strong></span> <span class='ocrx_word' id='word_1_107' title='bbox 527 2278 534 2330; x_wconf 91' lang='lat'>;</span> <span class='ocrx_word' id='word_1_108' title='bbox 557 2259 591 2317; x_wconf 90' lang='lat' dir='ltr'><strong>et</strong></span> <span class='ocrx_word' id='word_1_109' title='bbox 623 2257 718 2318; x_wconf 89' lang='lat' dir='ltr'><strong>erant</strong></span> <span class='ocrx_word' id='word_1_110' title='bbox 752 2253 901 2338; x_wconf 88' lang='lat' dir='ltr'><strong>quotidie</strong></span> <span class='ocrx_word' id='word_1_111' title='bbox 933 2273 1000 2317; x_wconf 91' lang='lat' dir='ltr'><strong>non</strong></span> <span class='ocrx_word' id='word_1_112' title='bbox 1025 2253 1230 2317; x_wconf 78' lang='lat' dir='ltr'><strong>insistentes</strong></span> <span class='ocrx_word' id='word_1_113' title='bbox 1253 2252 1379 2330; x_wconf 89' lang='lat' dir='ltr'><strong>alienis,</strong></span> <span class='ocrx_word' id='word_1_114' title='bbox 1403 2255 1458 2318; x_wconf 88' lang='lat' dir='ltr'><strong>sed</strong></span> 
     </span>
    </p>

    <p class='ocr_par' dir='ltr' id='par_1_10' title="bbox 232 2354 1621 2542">
     <span class='ocr_line' id='line_1_15' title="bbox 401 2354 948 2420; baseline -0.005 0"><span class='ocrx_word' id='word_1_115' title='bbox 401 2355 632 2420; x_wconf 83' lang='lat' dir='ltr'><strong>citharizantes</strong></span> <span class='ocrx_word' id='word_1_116' title='bbox 655 2355 691 2418; x_wconf 90' lang='lat' dir='ltr'><strong>in</strong></span> <span class='ocrx_word' id='word_1_117' title='bbox 714 2355 849 2419; x_wconf 88' lang='lat' dir='ltr'><strong>citharis</strong></span> <span class='ocrx_word' id='word_1_118' title='bbox 872 2354 948 2418; x_wconf 83' lang='lat' dir='ltr'><strong>suis</strong></span> 
     </span>
     <span class='ocr_line' id='line_1_16' title="bbox 232 2455 1621 2542; baseline -0.003 -13"><span class='ocrx_word' id='word_1_119' title='bbox 232 2477 383 2529; x_wconf 76' lang='lat' dir='ltr'><strong>Theoarhe-</strong></span> <span class='ocrx_word' id='word_1_120' title='bbox 447 2457 529 2522; x_wconf 84' lang='lat' dir='ltr'><strong>Erat</strong></span> <span class='ocrx_word' id='word_1_121' title='bbox 551 2462 662 2521; x_wconf 89' lang='lat' dir='ltr'><strong>autem</strong></span> <span class='ocrx_word' id='word_1_122' title='bbox 687 2479 725 2521; x_wconf 94' lang='lat' dir='ltr'><strong>ea</strong></span> <span class='ocrx_word' id='word_1_123' title='bbox 755 2461 953 2542; x_wconf 82' lang='lat' dir='ltr'><strong>tempestate</strong></span> <span class='ocrx_word' id='word_1_124' title='bbox 978 2456 1114 2520; x_wconf 87' lang='lat' dir='ltr'><strong>ecclesia</strong></span> <span class='ocrx_word' id='word_1_125' title='bbox 1137 2455 1234 2520; x_wconf 86' lang='lat' dir='ltr'><strong>Beati</strong></span> <span class='ocrx_word' id='word_1_126' title='bbox 1258 2456 1349 2520; x_wconf 89' lang='lat' dir='ltr'><strong>Petri</strong></span> <span class='ocrx_word' id='word_1_127' title='bbox 1373 2458 1553 2542; x_wconf 74' lang='lat' dir='ltr'><strong>epis-apoc.</strong></span> <span class='ocrx_word' id='word_1_128' title='bbox 1566 2475 1621 2526; x_wconf 77' lang='lat' dir='ltr'><strong>xiv.</strong></span> 
     </span>
    </p>
   </div>
   <div class='ocr_carea' id='block_1_6' title="bbox 232 2543 1495 2661">
    <p class='ocr_par' dir='ltr' id='par_1_11' title="bbox 232 2543 1495 2661">
     <span class='ocr_line' id='line_1_17' title="bbox 232 2543 1495 2661; baseline -0.006 -31"><span class='ocrx_word' id='word_1_129' title='bbox 232 2543 524 2661; x_wconf 47' lang='lat' dir='ltr'><strong>fipgglmlcopalis</strong></span> <span class='ocrx_word' id='word_1_130' title='bbox 555 2559 655 2636; x_wconf 87' lang='lat' dir='ltr'><strong>sedes,</strong></span> <span class='ocrx_word' id='word_1_131' title='bbox 687 2565 721 2622; x_wconf 91' lang='lat' dir='ltr'><strong>et</strong></span> <span class='ocrx_word' id='word_1_132' title='bbox 752 2559 788 2621; x_wconf 90' lang='lat' dir='ltr'><strong>in</strong></span> <span class='ocrx_word' id='word_1_133' title='bbox 811 2581 849 2622; x_wconf 85' lang='lat' dir='ltr'><strong>ea</strong></span> <span class='ocrx_word' id='word_1_134' title='bbox 879 2557 996 2634; x_wconf 89' lang='lat' dir='ltr'><strong>clerici,</strong></span> <span class='ocrx_word' id='word_1_135' title='bbox 1021 2563 1060 2621; x_wconf 89' lang='lat' dir='ltr'><strong>ut</strong></span> <span class='ocrx_word' id='word_1_136' title='bbox 1083 2557 1238 2635; x_wconf 81' lang='lat' dir='ltr'><strong>diximus,</strong></span> <span class='ocrx_word' id='word_1_137' title='bbox 1266 2547 1495 2624; x_wconf 72' lang='lat' dir='ltr'><strong>victitantes²·</strong></span> 
     </span>
    </p>
   </div>
   <div class='ocr_carea' id='block_1_7' title="bbox 234 2649 1459 2862">
    <p class='ocr_par' dir='ltr' id='par_1_12' title="bbox 234 2649 1459 2862">
     <span class='ocr_line' id='line_1_18' title="bbox 235 2649 1459 2748; baseline -0.016 -18"><span class='ocrx_word' id='word_1_138' title='bbox 235 2680 309 2730; x_wconf 80' lang='lat' dir='ltr'><strong>Peter</strong></span> <span class='ocrx_word' id='word_1_139' title='bbox 321 2678 341 2728; x_wconf 87' lang='lat' dir='ltr'><strong>is</strong></span> <span class='ocrx_word' id='word_1_140' title='bbox 403 2662 622 2748; x_wconf 85' lang='lat' dir='ltr'><strong>singulariter.</strong></span> <span class='ocrx_word' id='word_1_141' title='bbox 669 2649 816 2740; x_wconf 77' lang='lat' dir='ltr'><strong>Quorum</strong></span> <span class='ocrx_word' id='word_1_142' title='bbox 849 2660 993 2745; x_wconf 89' lang='lat' dir='ltr'><strong>quidam,</strong></span> <span class='ocrx_word' id='word_1_143' title='bbox 1018 2660 1075 2744; x_wconf 93' lang='lat' dir='ltr'><strong>qui</strong></span> <span class='ocrx_word' id='word_1_144' title='bbox 1108 2660 1294 2745; x_wconf 73' lang='lat' dir='ltr'><strong>praecipuus</strong></span> <span class='ocrx_word' id='word_1_145' title='bbox 1326 2667 1459 2746; x_wconf 63' lang='lat' dir='ltr'><strong>reputa.</strong></span> 
     </span>
     <span class='ocr_line' id='line_1_19' title="bbox 234 2747 1459 2862; baseline -0.005 -29"><span class='ocrx_word' id='word_1_146' title='bbox 234 2747 350 2862; x_wconf 52' lang='grc' dir='ltr'><strong>ζ’ξοᾞζ</strong></span> <span class='ocrx_word' id='word_1_147' title='bbox 404 2765 503 2828; x_wconf 86' lang='lat' dir='ltr'><strong>batur</strong></span> <span class='ocrx_word' id='word_1_148' title='bbox 525 2765 613 2828; x_wconf 86' lang='lat' dir='ltr'><strong>inter</strong></span> <span class='ocrx_word' id='word_1_149' title='bbox 636 2763 718 2838; x_wconf 92' lang='lat' dir='ltr'><strong>illos,</strong></span> <span class='ocrx_word' id='word_1_150' title='bbox 743 2761 917 2826; x_wconf 88' lang='lat' dir='ltr'><strong>Winsinus</strong></span> <span class='ocrx_word' id='word_1_151' title='bbox 948 2761 1089 2838; x_wconf 90' lang='lat' dir='ltr'><strong>nomine,</strong></span> <span class='ocrx_word' id='word_1_152' title='bbox 1114 2783 1189 2826; x_wconf 90' lang='lat' dir='ltr'><strong>cum</strong></span> <span class='ocrx_word' id='word_1_153' title='bbox 1221 2765 1459 2828; x_wconf 88' lang='lat' dir='ltr'><strong>monasterium</strong></span> 
     </span>
    </p>
   </div>
   <div class='ocr_carea' id='block_1_8' title="bbox 235 2864 1462 3357">
    <p class='ocr_par' dir='ltr' id='par_1_13' title="bbox 235 2864 1462 3357">
     <span class='ocr_line' id='line_1_20' title="bbox 402 2864 1461 2951; baseline -0.002 -20"><span class='ocrx_word' id='word_1_154' title='bbox 402 2867 547 2932; x_wconf 87' lang='lat' dir='ltr'><strong>crebrius</strong></span> <span class='ocrx_word' id='word_1_155' title='bbox 570 2865 806 2951; x_wconf 86' lang='lat' dir='ltr'><strong>frequentaret,</strong></span> <span class='ocrx_word' id='word_1_156' title='bbox 823 2864 939 2928; x_wconf 87' lang='lat' dir='ltr'><strong>videns</strong></span> <span class='ocrx_word' id='word_1_157' title='bbox 962 2864 1090 2928; x_wconf 86' lang='lat' dir='ltr'><strong>animas</strong></span> <span class='ocrx_word' id='word_1_158' title='bbox 1112 2885 1224 2928; x_wconf 85' lang='lat' dir='ltr'><strong>eorum</strong></span> <span class='ocrx_word' id='word_1_159' title='bbox 1248 2865 1285 2950; x_wconf 88' lang='lat' dir='ltr'><strong>in</strong></span> <span class='ocrx_word' id='word_1_160' title='bbox 1308 2865 1461 2929; x_wconf 87' lang='lat' dir='ltr'><strong>manibus</strong></span> 
     </span>
     <span class='ocr_line' id='line_1_21' title="bbox 235 2965 1460 3053; baseline -0.008 -10"><span class='ocrx_word' id='word_1_161' title='bbox 235 2992 339 3043; x_wconf 74' lang='lat' dir='ltr'><strong>winsia</strong></span> <span class='ocrx_word' id='word_1_162' title='bbox 405 2969 473 3032; x_wconf 86' lang='lat' dir='ltr'><strong>suis</strong></span> <span class='ocrx_word' id='word_1_163' title='bbox 497 2989 634 3052; x_wconf 88' lang='lat' dir='ltr'><strong>semper,</strong></span> <span class='ocrx_word' id='word_1_164' title='bbox 657 2967 779 3051; x_wconf 89' lang='lat' dir='ltr'><strong>abjecit</strong></span> <span class='ocrx_word' id='word_1_165' title='bbox 806 2965 941 3031; x_wconf 85' lang='lat' dir='ltr'><strong>tandem</strong></span> <span class='ocrx_word' id='word_1_166' title='bbox 969 2966 1088 3052; x_wconf 90' lang='lat' dir='ltr'><strong>jugum</strong></span> <span class='ocrx_word' id='word_1_167' title='bbox 1121 2971 1313 3053; x_wconf 84' lang='lat' dir='ltr'><strong>putrescens</strong></span> <span class='ocrx_word' id='word_1_168' title='bbox 1335 2990 1355 3032; x_wconf 86' lang='lat' dir='ltr'><strong>a</strong></span> <span class='ocrx_word' id='word_1_169' title='bbox 1377 2967 1460 3033; x_wconf 86' lang='lat' dir='ltr'><strong>facie</strong></span> 
     </span>
     <span class='ocr_line' id='line_1_22' title="bbox 238 3059 1462 3182; baseline 0.001 -49"><span class='ocrx_word' id='word_1_170' title='bbox 238 3059 355 3182; x_wconf 58' lang='lat' dir='ltr'><strong>(iliis)</strong></span> <span class='ocrx_word' id='word_1_171' title='bbox 408 3071 480 3146; x_wconf 85' lang='lat' dir='ltr'><strong>olei,</strong></span> <span class='ocrx_word' id='word_1_172' title='bbox 499 3071 601 3133; x_wconf 89' lang='lat' dir='ltr'><strong>vitam</strong></span> <span class='ocrx_word' id='word_1_173' title='bbox 625 3070 800 3153; x_wconf 87' lang='lat' dir='ltr'><strong>pristinam</strong></span> <span class='ocrx_word' id='word_1_174' title='bbox 823 3089 917 3132; x_wconf 88' lang='lat' dir='ltr'><strong>suam</strong></span> <span class='ocrx_word' id='word_1_175' title='bbox 942 3067 1181 3132; x_wconf 82' lang='lat' dir='ltr'><strong>instituendam</strong></span> <span class='ocrx_word' id='word_1_176' title='bbox 1206 3068 1328 3134; x_wconf 86' lang='lat' dir='ltr'><strong>ducens</strong></span> <span class='ocrx_word' id='word_1_177' title='bbox 1351 3071 1462 3134; x_wconf 90' lang='lat' dir='ltr'><strong>studio</strong></span> 
     </span>
     <span class='ocr_line' id='line_1_23' title="bbox 235 3143 1462 3256; baseline -0.005 -14"><span class='ocrx_word' id='word_1_178' title='bbox 235 3143 320 3242; x_wconf 63' lang='lat' dir='ltr'><strong>leaves</strong></span> <span class='ocrx_word' id='word_1_179' title='bbox 410 3170 545 3234; x_wconf 89' lang='lat' dir='ltr'><strong>meliori.</strong></span> <span class='ocrx_word' id='word_1_180' title='bbox 592 3171 636 3234; x_wconf 87' lang='lat' dir='ltr'><strong>Et</strong></span> <span class='ocrx_word' id='word_1_181' title='bbox 668 3192 742 3255; x_wconf 82' lang='lat' dir='ltr'><strong>quae</strong></span> <span class='ocrx_word' id='word_1_182' title='bbox 777 3169 940 3233; x_wconf 86' lang='lat' dir='ltr'><strong>habuerat</strong></span> <span class='ocrx_word' id='word_1_183' title='bbox 974 3169 1085 3232; x_wconf 89' lang='lat' dir='ltr'><strong>omnia</strong></span> <span class='ocrx_word' id='word_1_184' title='bbox 1115 3171 1300 3256; x_wconf 78' lang='lat' dir='ltr'><strong>assignavit</strong></span> <span class='ocrx_word' id='word_1_185' title='bbox 1336 3193 1462 3236; x_wconf 88' lang='lat' dir='ltr'><strong>monas·</strong></span> 
     </span>
     <span class='ocr_line' id='line_1_24' title="bbox 237 3259 1462 3357; baseline 0.001 -20"><span class='ocrx_word' id='word_1_186' title='bbox 237 3259 315 3309; x_wconf 57' lang='lat' dir='ltr'><strong>ihm·</strong></span> <span class='ocrx_word' id='word_1_187' title='bbox 410 3274 502 3348; x_wconf 90' lang='lat' dir='ltr'><strong>terio,</strong></span> <span class='ocrx_word' id='word_1_188' title='bbox 525 3277 560 3336; x_wconf 87' lang='lat' dir='ltr'><strong>et</strong></span> <span class='ocrx_word' id='word_1_189' title='bbox 591 3272 734 3357; x_wconf 89' lang='lat' dir='ltr'><strong>seipsum</strong></span> <span class='ocrx_word' id='word_1_190' title='bbox 768 3277 843 3357; x_wconf 90' lang='lat' dir='ltr'><strong>post</strong></span> <span class='ocrx_word' id='word_1_191' title='bbox 878 3271 990 3336; x_wconf 90' lang='lat' dir='ltr'><strong>omnia</strong></span> <span class='ocrx_word' id='word_1_192' title='bbox 1013 3272 1179 3336; x_wconf 89' lang='lat' dir='ltr'><strong>consortio</strong></span> <span class='ocrx_word' id='word_1_193' title='bbox 1201 3272 1319 3336; x_wconf 91' lang='lat' dir='ltr'><strong>intulit</strong></span> <span class='ocrx_word' id='word_1_194' title='bbox 1351 3295 1462 3339; x_wconf 86' lang='lat' dir='ltr'><strong>mona-</strong></span> 
     </span>
    </p>
   </div>
   <div class='ocr_carea' id='block_1_9' title="bbox 238 3372 1463 3510">
    <p class='ocr_par' dir='ltr' id='par_1_14' title="bbox 238 3372 1463 3510">
     <span class='ocr_line' id='line_1_25' title="bbox 238 3372 1463 3508; baseline -0.002 -65"><span class='ocrx_word' id='word_1_195' title='bbox 238 3391 349 3508; x_wconf 48' lang='lat' dir='ltr'><strong>osgalps</strong></span> <span class='ocrx_word' id='word_1_196' title='bbox 409 3375 552 3440; x_wconf 90' lang='lat' dir='ltr'><strong>chorum.</strong></span> <span class='ocrx_word' id='word_1_197' title='bbox 599 3373 704 3452; x_wconf 83' lang='lat' dir='ltr'><strong>Quem</strong></span> <span class='ocrx_word' id='word_1_198' title='bbox 729 3373 851 3438; x_wconf 88' lang='lat' dir='ltr'><strong>Beatus</strong></span> <span class='ocrx_word' id='word_1_199' title='bbox 875 3372 1051 3436; x_wconf 87' lang='lat' dir='ltr'><strong>Oswaldus</strong></span> <span class='ocrx_word' id='word_1_200' title='bbox 1073 3373 1255 3438; x_wconf 76' lang='lat' dir='ltr'><strong>caelestium</strong></span> <span class='ocrx_word' id='word_1_201' title='bbox 1279 3375 1463 3461; x_wconf 89' lang='lat' dir='ltr'><strong>disciplinis</strong></span> 
     </span>
     <span class='ocr_line' id='line_1_26' title="bbox 238 3473 377 3510; baseline -0.043 0"><span class='ocrx_word' id='word_1_202' title='bbox 238 3475 282 3510; x_wconf 71' lang='lat' dir='ltr'><strong>sen</strong></span> <span class='ocrx_word' id='word_1_203' title='bbox 301 3475 313 3508; x_wconf 77' lang='lat'>8</span> <span class='ocrx_word' id='word_1_204' title='bbox 343 3473 377 3505; x_wconf 83' lang='lat' dir='ltr'><strong>lm</strong></span> 
     </span>
    </p>
   </div>
   <div class='ocr_carea' id='block_1_10' title="bbox 237 3478 1462 3586">
    <p class='ocr_par' dir='ltr' id='par_1_15' title="bbox 237 3478 1462 3586">
     <span class='ocr_line' id='line_1_27' title="bbox 237 3478 1462 3586; baseline -0.016 -39"><span class='ocrx_word' id='word_1_205' title='bbox 237 3526 394 3586; x_wconf 37' lang='lat' dir='ltr'><strong>toRamsey</strong></span> <span class='ocrx_word' id='word_1_206' title='bbox 408 3478 538 3562; x_wconf 84' lang='lat' dir='ltr'><strong>plenius</strong></span> <span class='ocrx_word' id='word_1_207' title='bbox 572 3485 762 3540; x_wconf 89' lang='lat' dir='ltr'><strong>erudiendum</strong></span> <span class='ocrx_word' id='word_1_208' title='bbox 798 3485 961 3540; x_wconf 87' lang='lat' dir='ltr'><strong>Ramesiam</strong></span> <span class='ocrx_word' id='word_1_209' title='bbox 996 3485 1108 3554; x_wconf 82' lang='lat' dir='ltr'><strong>dirigit,</strong></span> <span class='ocrx_word' id='word_1_210' title='bbox 1141 3490 1171 3540; x_wconf 88' lang='lat' dir='ltr'><strong>et</strong></span> <span class='ocrx_word' id='word_1_211' title='bbox 1202 3487 1348 3542; x_wconf 76' lang='lat' dir='ltr'><strong>eruditum</strong></span> <span class='ocrx_word' id='word_1_212' title='bbox 1385 3479 1462 3545; x_wconf 67' lang='lat' dir='ltr'><strong>inde</strong></span> 
     </span>
    </p>
   </div>
   <div class='ocr_carea' id='block_1_11' title="bbox 237 3579 1462 4576">
    <p class='ocr_par' dir='ltr' id='par_1_16' title="bbox 237 3579 1462 4576">
     <span class='ocr_line' id='line_1_28' title="bbox 408 3579 1462 3667; baseline 0.002 -22"><span class='ocrx_word' id='word_1_213' title='bbox 408 3581 585 3657; x_wconf 88' lang='lat' dir='ltr'><strong>revocavit,</strong></span> <span class='ocrx_word' id='word_1_214' title='bbox 609 3595 638 3644; x_wconf 83' lang='lat' dir='ltr'><strong>et</strong></span> <span class='ocrx_word' id='word_1_215' title='bbox 660 3589 820 3658; x_wconf 79' lang='lat' dir='ltr'><strong>Wigorniae</strong></span> <span class='ocrx_word' id='word_1_216' title='bbox 846 3579 1081 3644; x_wconf 85' lang='lat' dir='ltr'><strong>monachorum</strong></span> <span class='ocrx_word' id='word_1_217' title='bbox 1105 3580 1254 3645; x_wconf 90' lang='lat' dir='ltr'><strong>instituit</strong></span> <span class='ocrx_word' id='word_1_218' title='bbox 1284 3587 1462 3667; x_wconf 82' lang='lat' dir='ltr'><strong>praecepto-</strong></span> 
     </span>
     <span class='ocr_line' id='line_1_29' title="bbox 407 3681 1462 3770; baseline 0.001 -24"><span class='ocrx_word' id='word_1_219' title='bbox 407 3704 486 3746; x_wconf 89' lang='lat' dir='ltr'><strong>rem.</strong></span> <span class='ocrx_word' id='word_1_220' title='bbox 532 3682 607 3768; x_wconf 91' lang='lat' dir='ltr'><strong>Ipse</strong></span> <span class='ocrx_word' id='word_1_221' title='bbox 640 3687 762 3758; x_wconf 88' lang='lat' dir='ltr'><strong>autem,</strong></span> <span class='ocrx_word' id='word_1_222' title='bbox 785 3682 872 3746; x_wconf 91' lang='lat' dir='ltr'><strong>sicut</strong></span> <span class='ocrx_word' id='word_1_223' title='bbox 906 3683 942 3744; x_wconf 95' lang='lat' dir='ltr'><strong>in</strong></span> <span class='ocrx_word' id='word_1_224' title='bbox 965 3681 1084 3746; x_wconf 83' lang='lat' dir='ltr'><strong>saeculo</strong></span> <span class='ocrx_word' id='word_1_225' title='bbox 1108 3683 1210 3747; x_wconf 89' lang='lat' dir='ltr'><strong>etiam</strong></span> <span class='ocrx_word' id='word_1_226' title='bbox 1233 3683 1342 3747; x_wconf 82' lang='lat' dir='ltr'><strong>foedus</strong></span> <span class='ocrx_word' id='word_1_227' title='bbox 1369 3685 1462 3770; x_wconf 88' lang='lat' dir='ltr'><strong>pepi-</strong></span> 
     </span>
     <span class='ocr_line' id='line_1_30' title="bbox 407 3783 1461 3870; baseline 0.001 -21"><span class='ocrx_word' id='word_1_228' title='bbox 407 3790 501 3870; x_wconf 85' lang='lat' dir='ltr'><strong>gerat</strong></span> <span class='ocrx_word' id='word_1_229' title='bbox 534 3805 608 3849; x_wconf 89' lang='lat' dir='ltr'><strong>cum</strong></span> <span class='ocrx_word' id='word_1_230' title='bbox 643 3783 790 3860; x_wconf 89' lang='lat' dir='ltr'><strong>honesto,</strong></span> <span class='ocrx_word' id='word_1_231' title='bbox 816 3785 994 3849; x_wconf 89' lang='lat' dir='ltr'><strong>monachus</strong></span> <span class='ocrx_word' id='word_1_232' title='bbox 1029 3783 1143 3860; x_wconf 88' lang='lat' dir='ltr'><strong>factus,</strong></span> <span class='ocrx_word' id='word_1_233' title='bbox 1173 3785 1263 3849; x_wconf 90' lang='lat' dir='ltr'><strong>illius</strong></span> <span class='ocrx_word' id='word_1_234' title='bbox 1286 3785 1461 3851; x_wconf 89' lang='lat' dir='ltr'><strong>vehemen-</strong></span> 
     </span>
     <span class='ocr_line' id='line_1_31' title="bbox 239 3885 1462 3971; baseline -0.006 -13"><span class='ocrx_word' id='word_1_235' title='bbox 239 3909 300 3958; x_wconf 80' lang='lat' dir='ltr'><strong>And</strong></span> <span class='ocrx_word' id='word_1_236' title='bbox 313 3914 363 3956; x_wconf 78' lang='lat' dir='ltr'><strong>seu</strong></span> <span class='ocrx_word' id='word_1_237' title='bbox 409 3889 474 3952; x_wconf 90' lang='lat' dir='ltr'><strong>tior</strong></span> <span class='ocrx_word' id='word_1_238' title='bbox 496 3887 628 3952; x_wconf 78' lang='lat' dir='ltr'><strong>exstitit</strong></span> <span class='ocrx_word' id='word_1_239' title='bbox 663 3890 827 3950; x_wconf 88' lang='lat' dir='ltr'><strong>executor.</strong></span> <span class='ocrx_word' id='word_1_240' title='bbox 873 3885 985 3970; x_wconf 91' lang='lat' dir='ltr'><strong>Hujus</strong></span> <span class='ocrx_word' id='word_1_241' title='bbox 1014 3886 1164 3971; x_wconf 88' lang='lat' dir='ltr'><strong>exemplo</strong></span> <span class='ocrx_word' id='word_1_242' title='bbox 1195 3887 1287 3952; x_wconf 88' lang='lat' dir='ltr'><strong>ducti</strong></span> <span class='ocrx_word' id='word_1_243' title='bbox 1310 3887 1462 3952; x_wconf 92' lang='lat' dir='ltr'><strong>nonnulli</strong></span> 
     </span>
     <span class='ocr_line' id='line_1_32' title="bbox 237 3974 1462 4092; baseline 0.002 -40"><span class='ocrx_word' id='word_1_244' title='bbox 237 3974 391 4092; x_wconf 53' lang='lat' dir='ltr'><strong>lglvffiffl</strong></span> <span class='ocrx_word' id='word_1_245' title='bbox 409 3989 598 4053; x_wconf 91' lang='lat' dir='ltr'><strong>clericorum</strong></span> <span class='ocrx_word' id='word_1_246' title='bbox 632 3987 770 4073; x_wconf 86' lang='lat' dir='ltr'><strong>ingressi</strong></span> <span class='ocrx_word' id='word_1_247' title='bbox 803 3988 1048 4064; x_wconf 86' lang='lat' dir='ltr'><strong>monasterium,</strong></span> <span class='ocrx_word' id='word_1_248' title='bbox 1072 3988 1212 4053; x_wconf 87' lang='lat' dir='ltr'><strong>similem</strong></span> <span class='ocrx_word' id='word_1_249' title='bbox 1236 3989 1325 4053; x_wconf 88' lang='lat' dir='ltr'><strong>viam</strong></span> <span class='ocrx_word' id='word_1_250' title='bbox 1358 3989 1462 4074; x_wconf 88' lang='lat' dir='ltr'><strong>elege-</strong></span> 
     </span>
     <span class='ocr_line' id='line_1_33' title="bbox 239 4090 1462 4184; baseline -0.003 -25"><span class='ocrx_word' id='word_1_251' title='bbox 239 4107 367 4184; x_wconf 70' lang='lat' dir='ltr'><strong>eatnedrar</strong></span> <span class='ocrx_word' id='word_1_252' title='bbox 410 4099 496 4155; x_wconf 89' lang='lat' dir='ltr'><strong>runt.</strong></span> <span class='ocrx_word' id='word_1_253' title='bbox 543 4091 694 4154; x_wconf 86' lang='lat' dir='ltr'><strong>Antistes</strong></span> <span class='ocrx_word' id='word_1_254' title='bbox 726 4095 838 4155; x_wconf 86' lang='lat' dir='ltr'><strong>autem</strong></span> <span class='ocrx_word' id='word_1_255' title='bbox 871 4090 1090 4153; x_wconf 85' lang='lat' dir='ltr'><strong>mutationem</strong></span> <span class='ocrx_word' id='word_1_256' title='bbox 1123 4095 1193 4154; x_wconf 90' lang='lat' dir='ltr'><strong>tam</strong></span> <span class='ocrx_word' id='word_1_257' title='bbox 1220 4095 1367 4155; x_wconf 84' lang='lat' dir='ltr'><strong>sanctam</strong></span> <span class='ocrx_word' id='word_1_258' title='bbox 1389 4112 1462 4176; x_wconf 88' lang='lat' dir='ltr'><strong>gra·</strong></span> 
     </span>
     <span class='ocr_line' id='line_1_34' title="bbox 240 4174 1462 4290; baseline 0 -34"><span class='ocrx_word' id='word_1_259' title='bbox 240 4174 355 4290; x_wconf 54' lang='lat' dir='ltr'><strong>ffles</strong></span> <span class='ocrx_word' id='word_1_260' title='bbox 367 4254 382 4287; x_wconf 74' lang='lat' dir='ltr'><strong>a</strong></span> <span class='ocrx_word' id='word_1_261' title='bbox 411 4199 522 4257; x_wconf 87' lang='lat' dir='ltr'><strong>tanter</strong></span> <span class='ocrx_word' id='word_1_262' title='bbox 544 4191 743 4268; x_wconf 87' lang='lat' dir='ltr'><strong>conciliavit,</strong></span> <span class='ocrx_word' id='word_1_263' title='bbox 766 4191 943 4256; x_wconf 88' lang='lat' dir='ltr'><strong>advertens</strong></span> <span class='ocrx_word' id='word_1_264' title='bbox 974 4191 1130 4275; x_wconf 89' lang='lat' dir='ltr'><strong>quoniam</strong></span> <span class='ocrx_word' id='word_1_265' title='bbox 1155 4191 1280 4276; x_wconf 86' lang='lat' dir='ltr'><strong>digitus</strong></span> <span class='ocrx_word' id='word_1_266' title='bbox 1303 4191 1366 4256; x_wconf 90' lang='lat' dir='ltr'><strong>Dei</strong></span> <span class='ocrx_word' id='word_1_267' title='bbox 1391 4197 1462 4256; x_wconf 88' lang='lat' dir='ltr'><strong>erat</strong></span> 
     </span>
     <span class='ocr_line' id='line_1_35' title="bbox 241 4294 1462 4380; baseline 0.003 -24"><span class='ocrx_word' id='word_1_268' title='bbox 241 4313 396 4369; x_wconf 78' lang='lat' dir='ltr'><strong>monastery.</strong></span> <span class='ocrx_word' id='word_1_269' title='bbox 411 4297 468 4380; x_wconf 92' lang='lat' dir='ltr'><strong>qui</strong></span> <span class='ocrx_word' id='word_1_270' title='bbox 492 4295 579 4358; x_wconf 89' lang='lat' dir='ltr'><strong>hanc</strong></span> <span class='ocrx_word' id='word_1_271' title='bbox 610 4296 659 4359; x_wconf 91' lang='lat' dir='ltr'><strong>sic</strong></span> <span class='ocrx_word' id='word_1_272' title='bbox 691 4295 890 4379; x_wconf 86' lang='lat' dir='ltr'><strong>procuravit,</strong></span> <span class='ocrx_word' id='word_1_273' title='bbox 913 4315 981 4358; x_wconf 91' lang='lat' dir='ltr'><strong>non</strong></span> <span class='ocrx_word' id='word_1_274' title='bbox 1008 4294 1079 4378; x_wconf 89' lang='lat' dir='ltr'><strong>jam</strong></span> <span class='ocrx_word' id='word_1_275' title='bbox 1112 4296 1147 4358; x_wconf 90' lang='lat' dir='ltr'><strong>in</strong></span> <span class='ocrx_word' id='word_1_276' title='bbox 1180 4294 1376 4380; x_wconf 89' lang='lat' dir='ltr'><strong>exemplum,</strong></span> <span class='ocrx_word' id='word_1_277' title='bbox 1405 4297 1462 4360; x_wconf 89' lang='lat' dir='ltr'><strong>sed</strong></span> 
     </span>
     <span class='ocr_line' id='line_1_36' title="bbox 411 4395 1461 4481; baseline 0.003 -22"><span class='ocrx_word' id='word_1_278' title='bbox 411 4398 446 4459; x_wconf 91' lang='lat' dir='ltr'><strong>in</strong></span> <span class='ocrx_word' id='word_1_279' title='bbox 479 4395 681 4460; x_wconf 86' lang='lat' dir='ltr'><strong>miraculum.</strong></span> <span class='ocrx_word' id='word_1_280' title='bbox 742 4395 814 4460; x_wconf 89' lang='lat' dir='ltr'><strong>Hoc</strong></span> <span class='ocrx_word' id='word_1_281' title='bbox 848 4397 961 4481; x_wconf 85' lang='lat' dir='ltr'><strong>itaque</strong></span> <span class='ocrx_word' id='word_1_282' title='bbox 994 4397 1092 4461; x_wconf 91' lang='lat' dir='ltr'><strong>modo</strong></span> <span class='ocrx_word' id='word_1_283' title='bbox 1114 4419 1135 4461; x_wconf 91' lang='lat' dir='ltr'><strong>a</strong></span> <span class='ocrx_word' id='word_1_284' title='bbox 1158 4395 1263 4461; x_wconf 88' lang='lat' dir='ltr'><strong>Beato</strong></span> <span class='ocrx_word' id='word_1_285' title='bbox 1296 4396 1394 4462; x_wconf 89' lang='lat' dir='ltr'><strong>Petro</strong></span> <span class='ocrx_word' id='word_1_286' title='bbox 1426 4399 1461 4462; x_wconf 90' lang='lat' dir='ltr'><strong>in</strong></span> 
     </span>
     <span class='ocr_line' id='line_1_37' title="bbox 413 4495 1461 4576; baseline 0.002 -14"><span class='ocrx_word' id='word_1_287' title='bbox 413 4497 554 4562; x_wconf 85' lang='lat' dir='ltr'><strong>Matrem</strong></span> <span class='ocrx_word' id='word_1_288' title='bbox 593 4495 729 4562; x_wconf 92' lang='lat' dir='ltr'><strong>Domini</strong></span> <span class='ocrx_word' id='word_1_289' title='bbox 768 4497 959 4576; x_wconf 85' lang='lat' dir='ltr'><strong>Salvatoris,</strong></span> <span class='ocrx_word' id='word_1_290' title='bbox 993 4521 1014 4564; x_wconf 86' lang='lat' dir='ltr'><strong>a</strong></span> <span class='ocrx_word' id='word_1_291' title='bbox 1045 4497 1172 4564; x_wconf 90' lang='lat' dir='ltr'><strong>clericis</strong></span> <span class='ocrx_word' id='word_1_292' title='bbox 1210 4501 1247 4562; x_wconf 92' lang='lat' dir='ltr'><strong>in</strong></span> <span class='ocrx_word' id='word_1_293' title='bbox 1285 4499 1461 4564; x_wconf 88' lang='lat' dir='ltr'><strong>monachos</strong></span> 
     </span>
    </p>
   </div>
   <div class='ocr_carea' id='block_1_12' title="bbox 413 4597 1149 4689">
    <p class='ocr_par' dir='ltr' id='par_1_17' title="bbox 413 4597 1149 4689">
     <span class='ocr_line' id='line_1_38' title="bbox 413 4597 1149 4689; baseline 0 -25"><span class='ocrx_word' id='word_1_294' title='bbox 413 4599 574 4668; x_wconf 88' lang='lat' dir='ltr'><strong>translata</strong></span> <span class='ocrx_word' id='word_1_295' title='bbox 597 4605 648 4663; x_wconf 88' lang='lat' dir='ltr'><strong>est</strong></span> <span class='ocrx_word' id='word_1_296' title='bbox 670 4597 762 4670; x_wconf 84' lang='lat' dir='ltr'><strong>sedes</strong></span> <span class='ocrx_word' id='word_1_297' title='bbox 785 4599 985 4689; x_wconf 87' lang='lat' dir='ltr'><strong>pontificalis</strong></span> <span class='ocrx_word' id='word_1_298' title='bbox 1007 4599 1149 4668; x_wconf 89' lang='lat' dir='ltr'><strong>honoris.</strong></span> 
     </span>
    </p>
   </div>
   <div class='ocr_carea' id='block_1_13' title="bbox 0 0 1815 5796">
    <p class='ocr_par' dir='ltr' id='par_1_18' title="bbox 0 0 1815 5796">
     <span class='ocr_line' id='line_1_39' title="bbox 0 0 1815 5796; baseline 0 0"><span class='ocrx_word' id='word_1_299' title='bbox 0 0 1815 5796; x_wconf 95' lang='lat' dir='ltr'><strong> </strong></span> 
     </span>
    </p>
   </div>
  </div>
 </body>
</html>
