3586 5802
473 873 538 936 164
629 889 777 936 IIISTORY
800 889 843 936 OF
867 889 961 937 FOUB
983 887 1219 938 nncnmsnm’a
1242 891 1285 938 OF
1308 889 1404 940 YORK

474 1079 490 1106 “
515 1073 823 1140 demonstrabitur.'’
886 1075 1020 1140 Gratias
1042 1076 1114 1140 Deo
1144 1082 1179 1142 et
1210 1077 1260 1140 illi
1291 1081 1427 1162 agentes
1460 1075 1527 1140 dis·

474 1183 648 1254 cesserunt,
672 1183 707 1243 et
728 1183 863 1264 propter
886 1197 997 1264 regem
1029 1177 1231 1245 Francorum
1254 1177 1312 1264 qui
1335 1179 1469 1244 obviam
1495 1176 1526 1242 ei

261 1329 267 1354 l
303 1301 429 1352 matina
474 1279 639 1358 veniebat,
663 1285 697 1345 et
719 1285 854 1366 propter
877 1280 1042 1347 Romanos
1066 1281 1123 1368 qui
1150 1287 1323 1367 sequentes
1354 1280 1527 1367 appropia-

301 1369 438 1487 {Izlwzl‘he
475 1380 564 1446 bant
628 1381 673 1446 Et
704 1381 780 1446 illos
810 1381 944 1467 quidem
978 1383 1059 1447 satis
1091 1382 1283 1460 dixissset
1316 1382 1411 1447 illum
1443 1383 1526 1447 bene

375 1473 380 1485 ⁸
472 1483 595 1549 dixisse
607 1484 792 1550 videbatur.
837 1483 984 1550 Parisius
1000 1485 1043 1550 ad
1058 1485 1240 1571 hospitium
1256 1485 1480 1562 redeuntibus,
1492 1489 1526 1549 et

474 1585 527 1651 his
550 1588 708 1674 magistro
730 1609 790 1652 suo
813 1585 935 1666 relatis,
958 1587 1162 1654 exhilaratus
1185 1595 1219 1654 ct
1242 1588 1446 1654 confortatus
1468 1592 1525 1653 est.

305 1693 457 1772 Thepgoto
520 1687 599 1754 Post
633 1689 702 1754 dics
733 1690 888 1755 undecim
922 1694 1060 1755 ventum
1095 1695 1146 1756 est
1179 1691 1301 1770 Remis,
1333 1689 1436 1756 tertia
1472 1689 1526 1754 die

305 1759 444 1890 iiiiii,
476 1798 555 1860 ante
579 1789 771 1859 Concilium.
819 1793 943 1860 Eadem
966 1794 1021 1860 die
1043 1801 1181 1860 venerat
1196 1795 1276 1860 illuc
1297 1792 1525 1879 Ra[dulphus]

306 1892 337 1970 ,of
346 1894 451 1958 orkney
479 1896 674 1962 Orcadensis
701 1897 881 1984 episcopus,
904 1901 939 1962 et
961 1898 1097 1983 quidam
1126 1895 1375 1964 archidiaconus
1407 1901 1525 1962 noster.

305 1959 416 2011 othere.
478 1999 661 2065 Sabbatum
685 2007 763 2066 erat.
825 2000 928 2067 Paulo
962 2005 1046 2086 post,
1069 2001 1105 2065 in
1136 2000 1209 2086 ipso
1240 1999 1323 2066 lucis
1355 2005 1390 2064 et
1413 1999 1527 2065 noctis

476 2103 625 2180 confinia,
656 2101 831 2168 mandavit
863 2103 1016 2168 dominus
1037 2123 1133 2188 papa
1162 2101 1266 2168 electo
1296 2107 1418 2179 nostro,
1441 2101 1527 2166 nihil

474 2205 583 2270 adhuc
606 2205 647 2270 de
667 2205 729 2271 hac
752 2226 787 2271 re
810 2206 971 2292 opinanti,
988 2211 1028 2270 ut
1049 2225 1124 2271 cum
1145 2205 1270 2271 clericis
1293 2205 1361 2270 suis
1384 2205 1428 2270 ad
1450 2225 1526 2269 aum

476 2308 612 2372 veniret.
671 2308 736 2387 Qui
760 2309 950 2386 adveniens,
974 2313 1010 2373 et
1033 2307 1253 2374 Orcadensem
1279 2309 1468 2394 episcopum
1492 2311 1526 2370 et

474 2412 670 2497 pradictum
694 2412 961 2478 archidiaconum
978 2433 1053 2478 cum
1069 2413 1196 2478 caeteris
1218 2433 1328 2478 secum
1351 2411 1526 2485 adducens,

306 2507 457 2625 3¹3&er
477 2520 655 2600 antequam
678 2516 810 2614 audiret
832 2515 924 2580 aliud
939 2515 994 2580 vel
1010 2515 1141 2590 diceret,
1157 2515 1225 2580 ait:
1250 2523 1266 2550 “
1280 2515 1371 2591 Ecce,
1386 2513 1526 2589 domine,

305 2640 442 2691 viewwith
477 2629 493 2654 “
517 2621 580 2684 istc
604 2625 654 2684 cst
677 2619 820 2685 ecclcsiae
847 2625 969 2684 nostrae
993 2619 1183 2705 episcopus;
1217 2621 1280 2684 iste
1311 2639 1390 2684 vero
1420 2617 1526 2684 archi-

306 2707 349 2758 ‘h⁰
362 2723 434 2772 W·
476 2731 494 2759 “
518 2725 702 2791 diaconus.”
748 2725 876 2805 Quibus
898 2727 935 2789 in
958 2726 1067 2791 osculo
1090 2725 1249 2811 susceptis
1277 2725 1394 2790 iisdem
1417 2723 1526 2789 verbis

474 2829 604 2914 inquit:
629 2833 645 2864 “
661 2827 751 2893 Deus
775 2832 897 2914 augeat
923 2847 1099 2892 numerum
1126 2827 1320 2892 vestruml”
1383 2826 1526 2893 Caeteros

372 2971 375 2976 -
470 2932 541 3016 jam
564 2931 647 2995 bene
671 2935 818 2995 noverat.
878 2930 985 2995 Erant
1008 2951 1082 2996 cum
1106 2929 1153 2996 eis
1184 2930 1389 2996 solummodo
1421 2927 1526 2996 cardi-

474 3033 574 3111 nales,
614 3033 671 3118 qui
709 3035 1001 3120 interrogaverunt
1038 3031 1171 3099 clericos
1208 3037 1339 3098 nostros
1377 3033 1407 3098 si
1444 3031 1525 3117 quid

477 3135 641 3220 petebant.
721 3135 770 3199 At
807 3135 857 3199 illi
895 3135 1071 3200 dixerunt:
1110 3133 1319 3200 “Romanam
1350 3135 1526 3212 ecclesiam,

475 3245 492 3270 “
516 3237 687 3302 dominum
710 3257 840 3323 papam,
865 3243 899 3302 et
927 3257 995 3315 vos,
1026 3237 1152 3302 domini
1175 3237 1365 3316 cardinales,
1388 3235 1429 3302 dc
1452 3257 1526 3303 con·

477 3339 699 3405 “secretione
730 3339 825 3404 electi
853 3339 958 3405 nostri
989 3337 1214 3426 requirimus.”
1280 3338 1360 3404 Post
1390 3337 1526 3424 paulum

306 3431 441 3548 {mle
478 3463 586 3518 morae,
614 3441 824 3527 Apostolicus
856 3441 945 3507 dixit
968 3441 1072 3508 alecto
1095 3445 1225 3507 nostro:
1258 3445 1275 3476 “
1291 3439 1392 3518 Vade,
1415 3440 1526 3518 frater,

308 3563 395 3614 tinto
408 3567 440 3613 ne
479 3553 496 3579 “
518 3565 667 3630 praepara
687 3549 729 3622 te,
754 3549 789 3609 et
811 3545 922 3608 anima
946 3547 981 3609 et
1002 3563 1144 3630 corpore,
1159 3543 1312 3622 crastino,
1327 3543 1399 3610 Deo
1421 3563 1527 3609 annu-

307 3631 438 3747 {fficifl'
478 3655 496 3681 “
518 3652 601 3724 ente,
626 3645 902 3711 consecrationem
925 3643 1165 3732 suscepturus.”
1225 3645 1413 3712 Prostratus
1435 3646 1528 3732 pedi·

308 3735 363 3814 tion
375 3781 408 3814 on
421 3764 464 3813 the
477 3751 538 3814 bus
562 3753 595 3814 et
619 3749 676 3833 qui
700 3769 775 3814 cum
802 3771 840 3813 eo
864 3754 959 3813 erant
990 3749 1115 3835 gratias
1147 3753 1282 3835 agentes
1316 3751 1525 3815 recesserunt.

306 3845 424 3882 ¹¹¹⁰“⁰'·
478 3853 586 3933 Quam
610 3853 692 3916 bene
717 3857 786 3917 tarn
809 3853 903 3917 brevi
927 3853 1036 3938 spatio
1059 3851 1179 3939 potuit,
1201 3852 1314 3917 anima
1337 3857 1372 3917 et
1394 3873 1527 3938 corpore

477 3977 511 4020 se
534 3954 744 4040 praeparavit.
807 3955 882 4040 Ipse
905 3975 984 4020 vero
1016 3954 1059 4019 ad
1088 3975 1208 4041 papam
1239 3955 1415 4021 mandatus
1448 3961 1526 4021 ante

478 4057 661 4122 Concilium
686 4055 867 4121 consecrari
889 4077 958 4120 non
981 4057 1186 4142 opinabatur.

308 4154 332 4202 A
346 4161 417 4268 pert
524 4159 565 4222 In
604 4159 783 4222 crastinum
822 4159 916 4222 venit
954 4159 989 4221 in
1027 4157 1161 4224 ecelesia
1199 4160 1372 4246 metropoli
1414 4161 1526 4227 Bcatae

309 4229 445 4336 pptppng
480 4259 593 4324 Mariae
631 4260 875 4326 consecrandus.
952 4259 1058 4325 Erant
1087 4261 1135 4326 ibi
1165 4261 1409 4348 archiepiscopi,
1442 4265 1527 4348 epis·

309 4367 420 4470 {fflffiss
428 4351 460 4468 51²⁸
479 4363 560 4447 copi,
584 4363 729 4441 abbates,
753 4368 787 4427 et
809 4363 1034 4448 cujuscunque
1065 4363 1239 4450 dignitatis
1262 4369 1296 4429 et
1319 4365 1527 4432 ecclesiastici

310 4433 436 4536 chiren.y
479 4463 603 4529 ordinis
626 4465 733 4541 multi,
750 4466 807 4549 qui
830 4471 864 4529 et
880 4465 989 4530 vocati
1010 4465 1053 4530 ad
1069 4464 1253 4530 Concilium
1271 4465 1429 4532 Generale
1452 4489 1528 4533 con·

478 4571 647 4634 venerant.
693 4566 829 4632 Certum
850 4567 994 4633 habebat
1014 4567 1224 4655 Apostolicus
1247 4569 1335 4655 quod
1352 4567 1527 4637 Cantueri-

478 4670 565 4735 ensis
587 4669 857 4756 archiepiscopus,
880 4671 957 4736 licet
979 4671 1022 4736 ad
1044 4669 1228 4737 Concilium
1251 4679 1395 4751 vocatus,
1412 4679 1446 4740 et
1467 4695 1527 4760 pro

478 4773 687 4839 contentione
710 4773 797 4838 inter
819 4794 917 4838 suam·
935 4780 969 4840 et
992 4778 1139 4842 nostram
1162 4773 1322 4854 ecclesias,
1345 4793 1404 4844 nec
1426 4798 1527 4843 vene·
