3586 5802
936 1 976 18 -r
996 1 1034 25 Τ
1048 1 1055 6 ·
1069 3 1775 268 “VT-..ww

1345 52 1353 63 Ι
1444 60 1449 69 ¹
1460 48 1467 59 Ι
1495 66 1501 77 Ι

438 862 504 923 200
593 875 742 924 HISTORY
764 875 809 924 OF
831 875 926 925 FOUR
946 875 1183 926 Aucnorsnors
1204 875 1249 926 OF
1271 875 1368 926 Youu

266 1070 391 1146 Theron·
438 1069 455 1094 “
478 1067 529 1126 est
551 1061 670 1126 divisio
692 1060 844 1148 cuiquej
909 1083 1006 1126 suum
1028 1060 1157 1127 hebere.
1203 1063 1255 1126 Ex
1278 1061 1352 1148 jure
1374 1065 1486 1127 sutem

266 1144 419 1266 {sslffilin
438 1171 454 1196 “
478 1165 650 1250 utriusque
683 1163 933 1250 archiepiscopis
965 1185 1076 1230 eorum
1110 1164 1255 1229 vicissim
1288 1164 1487 1230 consecratio

265 1269 425 1332 objectento.
438 1275 454 1299 “
478 1266 634 1345 debetur3
656 1287 756 1350 quom
779 1265 892 1342 fecere,
915 1269 950 1330 et
972 1265 1044 1330 vice
1077 1265 1289 1352 contingente
1314 1265 1486 1351 suscipere,

436 1376 453 1402 “
476 1390 518 1433 ex
541 1373 635 1454 purte
657 1367 891 1453 archiepiscopi
913 1359 1018 1432 nostri
1045 1372 1080 1432 et
1102 1367 1314 1434 libor-coensis
1348 1366 1485 1452 capituli

436 1479 452 1504 “
475 1470 668 1536 offerimus.'’
715 1470 788 1551 Quo
820 1475 856 1536 et
878 1470 1099 1538 Londoniensi
1126 1471 1277 1558 episcopo
1299 1469 1485 1536 dicentibus

435 1573 524 1658 quod
556 1573 600 1638 ed
634 1594 777 1658 praesens
808 1573 856 1637 sic
887 1593 956 1638 esse
987 1594 1055 1638 non
1086 1579 1225 1659 poterut,
1258 1573 1301 1638 cd
1325 1572 1485 1659 archiepi-

386 1697 390 1706 ·
434 1696 569 1760 scopum
591 1675 740 1752 redeunt,
766 1674 813 1740 sic
835 1673 1081 1740 renuntiantes:
1105 1674 1246 1756 Quando
1272 1674 1394 1741 electus
1417 1675 1485 1740 fuit

434 1778 698 1864 archiepiscopus
720 1783 837 1855 vester,
860 1777 1009 1842 minutus
1031 1782 1067 1842 et
1088 1777 1332 1863 aliquantulum
1355 1777 1485 1864 petiens

430 1880 571 1964 jacebat,
594 1880 652 1945 sed
683 1885 863 1965 antequem
897 1877 1099 1946 discessisset
1132 1877 1323 1964 hujusmodi
1355 1885 1390 1944 et
1418 1879 1485 1945 alic

261 2047 263 2052 .
434 2002 510 2048 oum
533 2004 571 2048 eo
594 1981 697 2047 verbo
719 1981 848 2047 locutus
871 1986 930 2046 est.

263 2097 367 2148 'fumun
480 2085 564 2170 Regi
586 2104 664 2149 vero
686 2083 950 2168 archiepiscopus
981 2087 1093 2147 noster
1124 2081 1213 2146 dixit
1235 2105 1269 2148 se
1292 2103 1351 2169 per
1372 2082 1485 2148 literas

263 2164 406 2281 ξξὶοιξζω
435 2186 560 2251 domini
582 2207 677 2272 pcpae
704 2185 747 2252 ad
769 2185 955 2252 Concilium
977 2184 1135 2270 praedicto
1158 2186 1299 2252 termino
1321 2191 1485 2262 vocatum,

264 2296 421 2347 theGounoil
434 2295 469 2354 et
491 2289 594 2353 abeo
616 2287 783 2353 licentiam
799 2287 956 2371 quaesivit
978 2286 1097 2352 eundi:
1121 2307 1219 2372 quem
1241 2287 1312 2373 ipse
1334 2283 1483 2372 eliquen-

264 2364 390 2414 ⁸⁸R⁰m³'
434 2389 542 2454 tulum
575 2389 612 2454 in
642 2410 739 2453 suum
774 2388 905 2453 differre
935 2388 1075 2474 rogavit,
1098 2389 1201 2455 donec
1235 2387 1485 2455 Ountuariensis

263 2511 391 2580 ruenng
432 2492 477 2557 ad
508 2491 741 2577 requirendum
774 2490 912 2576 pellium
946 2489 1018 2568 iret,
1050 2491 1121 2576 ipse
1151 2511 1230 2556 vero
1267 2512 1342 2556 cum
1380 2489 1484 2555 literis

261 2578 359 2695 ἓξὲξ
367 2581 420 2630 him
432 2594 501 2658 suis
532 2593 750 2679 praemitteret
783 2591 841 2676 qui
872 2590 1005 2656 domino
1037 2613 1132 2678 popee
1155 2593 1385 2657 renuntiarent
1406 2613 1483 2656 eum

261 2711 384 2763 untirtue
431 2716 550 2782 arege
581 2695 755 2760 detentum
786 2691 886 2779 paulo
909 2698 984 2778 post
1006 2714 1082 2760 cum
1110 2691 1342 2760 Contucriensi
1364 2698 1482 2758 ventu·

259 2777 412 2895 fflffessp
432 2819 514 2862 rum.
562 2795 835 2882 Arcbiepiscopus
867 2794 1002 2860 tandem
1036 2795 1105 2881 regi
1143 2794 1303 2862 concessit
1315 2819 1323 2874 ;
1357 2801 1392 2860 et
1414 2817 1482 2872 rex,

260 2911 406 2976 burygoes.
431 2901 517 2966 sicut
549 2899 708 2985 promisit,
731 2897 899 2983 praemisit,
930 2897 1012 2962 duos
1043 2897 1168 2964 scilicet
1199 2897 1365 2984 episcopos
1396 2897 1481 2963 Nor-

430 3002 574 3066 menniae
597 3007 632 3066 et
654 2999 807 3066 clericum
830 3019 943 3075 unum,
967 3020 1073 3083 quem,
1101 2999 1305 3085 episcopios
1335 2999 1482 3066 Concilio

429 3101 666 3178 recedentibus,
697 3101 810 3165 Romae
842 3120 1010 3164 remanere
1039 3099 1143 3184 jussit
1175 3120 1345 3186 quousque
1376 3100 1480 3168 orobi-

429 3204 573 3291 episcopi
604 3203 780 3268 venissent.
826 3200 1081 3287 Archiepisoopo
1113 3207 1148 3268 et
1186 3201 1290 3268 eleeto
1312 3223 1372 3267 rex
1398 3225 1480 3288 prae-

430 3309 526 3393 cepit,
548 3305 706 3392 quatinus
738 3304 844 3390 prime
881 3303 1056 3368 Dominice
1089 3303 1356 3393 Qucdmgcsimae
1393 3307 1482 3392 apud

432 3408 636 3493 [W]0destoc
657 3406 818 3482 adessent,
841 3404 919 3469 inde
941 3404 1127 3490 profecturi.
1181 3461 1182 3464 ,

261 3511 372 3564 william
478 3509 616 3574 Interim
641 3507 889 3574 Centuariensis
911 3506 1043 3583 electus
1066 3507 1227 3592 petitione
1259 3507 1347 3575 scote
1376 3515 1417 3574 ut
1446 3511 1482 3576 in

262 3579 369 3711 ἓξὲξ
431 3613 606 3698 primatem
641 3609 745 3675 totius
783 3608 967 3674 Britcnnioe
1005 3615 1256 3687 consecraretur,
1294 3633 1316 3675 c
1353 3611 1480 3678 Londo-

260 3726 391 3790 consenc
431 3713 538 3778 niensi
570 3712 720 3797 episcopo
752 3715 786 3775 et
817 3709 945 3776 coeteris
970 3710 1170 3796 coepiscopis
1191 3717 1399 3778 consecratus
1422 3719 1481 3792 est,

260 3779 419 3896 {effnbguffi
432 3813 629 3879 Eborecensi
666 3811 808 3877 ecclesiae
846 3811 969 3896 injurie
1000 3811 1152 3897 irrogato
1213 3811 1311 3891 Quod
1348 3813 1481 3898 quidem

258 3926 329 4026 {1²⁰3-
338 3979 398 4027 mh
431 3917 595 4004 plerisque
634 3914 794 3979 obsonum
831 3913 941 3976 visum
979 3917 1030 3978 est
1066 3912 1255 3991 consecrari,
1293 3936 1335 3980 ne
1373 3915 1480 3983 dicem

261 3993 331 4094 Ain]
346 3986 417 4096 1125,
431 4019 519 4105 quod
550 4038 617 4082 non
648 4014 798 4091 debebat,
821 4013 856 4078 in
890 4013 925 4078 id
960 4015 1048 4099 quod
1082 4035 1149 4080 non
1181 4021 1260 4092 eret,
1283 4037 1344 4083 nec
1372 4017 1482 4086 adhuc

430 4127 489 4199 est,
525 4141 586 4186 neo
616 4117 703 4182 ullus
741 4117 782 4181 de
819 4117 1079 4183 antecessoribus
1116 4117 1185 4182 suis
1221 4117 1330 4183 fuerat
1360 4125 1481 4205 prester

430 4245 543 4299 unum,
570 4225 605 4285 et
636 4218 692 4283 ille
726 4215 859 4302 quidem
892 4239 930 4282 eo
958 4217 1034 4303 jure
1065 4238 1131 4304 quo
1161 4219 1389 4305 supradictum
1411 4227 1480 4302 est;

430 4329 464 4388 et
485 4324 522 4386 in
544 4318 663 4387 celebri
694 4323 729 4384 et
765 4323 835 4383 tem
857 4339 948 4384 sacro
971 4317 1076 4384 officio
1099 4318 1233 4398 Divino,
1255 4320 1293 4384 in
1315 4342 1381 4406 quo
1404 4322 1480 4410 Spi-

430 4425 514 4489 ritus
545 4421 685 4487 Senotus
718 4419 865 4487 invocari
892 4425 927 4485 et
964 4421 1130 4507 cooperari
1164 4421 1271 4500 debet,
1294 4421 1422 4490 folsiies
1445 4432 1480 4493 et
1510 4499 1512 4504 ,

430 4525 520 4592 fictio
542 4521 726 4608 objiciendo
747 4525 834 4586 sunt.

262 4629 406 4682 Atw00d·
475 4623 570 4692 Sicut
591 4621 638 4688 eis
661 4628 862 4709 praeceptum
884 4621 994 4690 fueret
1023 4627 1059 4690 et
1089 4624 1144 4692 die
1166 4629 1303 4707 statuto,
1327 4625 1478 4715 [W]0de-

261 4695 389 4830 ffilbss}
429 4731 499 4794 stoc
520 4729 659 4809 uterque
689 4723 949 4814 archiepiscopus
981 4725 1158 4796 affuerunt.
1203 4729 1257 4796 Ibi
1283 4751 1343 4798 rex
1365 4735 1478 4800 nostro
