3538 5800
407 871 449 932 24
730 881 813 930 vrrs
835 880 957 931 serron
980 879 1135 929 osweaur

236 1076 262 1127 A
275 1078 347 1142 large
405 1083 616 1140 assesserunt
686 1073 734 1136 At
772 1073 851 1137 dum
890 1071 994 1149 illum,
1032 1072 1127 1156 quasi
1165 1070 1323 1136 radicitus
1362 1074 1459 1134 terra

236 1151 381 1259 mem
404 1175 551 1252 haereret,
590 1174 682 1239 nullo
719 1179 840 1240 conatu
877 1173 932 1238 vel
968 1172 1088 1238 leviter
1134 1193 1265 1237 movere
1299 1169 1459 1246 valerent,

236 1275 335 1326 sarred.
404 1277 553 1362 adjuncti
585 1283 664 1341 sunt
698 1277 745 1342 eis
779 1277 837 1340 alii
870 1281 905 1341 et
938 1276 997 1340 alii
1020 1275 1094 1353 viri,
1117 1275 1174 1360 qui
1202 1274 1274 1360 pari
1296 1273 1394 1338 modo
1416 1271 1459 1337 ad

404 1379 534 1464 pondus
565 1379 685 1464 lapidis
716 1378 801 1442 nibil
833 1379 955 1442 virium
989 1378 1109 1443 habere
1143 1383 1223 1442 sunt
1256 1375 1459 1462 deprehensi.

406 1483 530 1568 Stupor
561 1483 677 1568 ingens
709 1487 847 1567 occupat
879 1503 998 1548 omnes.
1044 1480 1224 1545 Mandatur
1255 1479 1296 1544 de
1327 1479 1460 1564 negotio

405 1585 494 1670 patri
518 1583 681 1660 Oswaldo,
705 1583 763 1668 qui
785 1588 865 1648 tuno
887 1582 1003 1648 aberat
1015 1606 1023 1662 ;
1045 1586 1080 1646 et
1106 1585 1251 1667 rogatur.
1264 1581 1460 1666 quantocius

406 1687 521 1750 veniat
554 1685 756 1750 considerare
783 1685 941 1770 quidnam
976 1683 1115 1748 monstri
1137 1705 1189 1748 res
1220 1683 1293 1768 ipsa
1319 1687 1460 1767 praeten-

407 1786 487 1852 dat¹
524 1787 638 1866 Adest,
655 1792 689 1851 et
703 1785 953 1851 multitudinem
976 1786 1062 1850 eirea
1076 1785 1226 1871 praedioti
1248 1783 1369 1870 lapidis
1391 1805 1460 1848 mo·

406 1894 480 1952 tum
503 1910 592 1954 casso
615 1887 725 1953 labore
747 1888 922 1974 sudantem
944 1888 1114 1974 aspiciens,
1138 1888 1278 1952 miratus
1312 1891 1369 1951 est.
1417 1885 1461 1949 Et

237 1998 339 2049 usweru
406 1991 570 2056 attonitus
604 1995 704 2068 stane,
739 1990 912 2075 Deumque
950 1990 1080 2055 silentio
1112 1991 1298 2076 deprecans,
1330 1987 1462 2074 aspexit

237 2065 395 2180 &3222an
407 2093 443 2156 in
476 2092 586 2178 lapide
610 2091 667 2156 illo
690 2091 881 2178 AEthiopem
894 2092 1069 2177 ‚quendam
1091 2092 1212 2168 sedere,
1239 2095 1274 2156 et
1297 2089 1459 2156 obsooenis

237 2213 271 2246 on
282 2197 311 2256 it,
407 2193 544 2258 nutibus
576 2192 761 2258 laborantes
793 2193 1024 2258 subsannando
1050 2193 1210 2258 deridere:
1259 2191 1377 2276 Itaque
1410 2191 1461 2253 vir

237 2262 376 2380 {rim}
408 2295 543 2360 Domini
575 2296 689 2361 statim
716 2300 830 2362 eontra
852 2296 1034 2360 daemonem
1057 2295 1189 2382 signum
1211 2300 1334 2361 sanotae
1357 2293 1461 2359 erucis

406 2398 548 2474 intorsit,
571 2403 605 2462 et
638 2398 733 2462 illum
767 2398 949 2484 evestigio
981 2397 1134 2463 territum
1157 2398 1220 2463 sibi
1243 2398 1322 2483 fuga
1344 2418 1460 2462 oonsu-

406 2499 472 2565 lere
513 2499 679 2585 compulit.
734 2499 782 2564 At
812 2499 906 2585 lapis,
941 2521 1039 2585 quem
1077 2501 1245 2587 octogiuta
1278 2498 1344 2562 viri
1382 2503 1460 2563 ante

406 2622 538 2664 movere
560 2600 752 2686 nequibant,
775 2621 795 2666 a
817 2601 930 2688 paucis
952 2601 1142 2666 hominibus
1168 2601 1323 2666 facillime
1345 2599 1460 2664 statim

406 2702 537 2768 levatus
569 2708 628 2782 est,
652 2709 687 2768 et
717 2704 754 2768 in
788 2725 884 2789 opere
919 2703 1104 2770 collocatus.
1151 2703 1304 2789 Populus,
1337 2702 1395 2787 qui
1418 2702 1461 2766 ad

405 2804 467 2869 hoo
491 2801 730 2890 spectandum²
744 2805 892 2890 undique
906 2805 1059 2883 fluxerat,
1074 2805 1282 2871 bonsiderans
1297 2804 1345 2869 rei
1359 2808 1460 2890 gestae

407 2911 576 2991 potentem
608 2907 777 2986 virtutem,
814 2908 886 2974 Deo
923 2930 1022 2994 super
1058 2909 1266 2974 mirabilibus
1290 2907 1367 2973 Suis
1398 2907 1459 2971 im·

407 3029 536 3074 mensas
568 3010 691 3094 gratias
729 3011 864 3090 retulit;
900 3015 1028 3096 patrem
1066 3033 1194 3097 quoque
1226 3033 1322 3075 suum
1360 3015 1460 3095 atque

407 3110 595 3196 pontificem
619 3112 741 3176 eximia
762 3111 859 3177 laude
882 3115 1110 3198 praedioavere,
1129 3113 1351 3199 intelligentes
1367 3133 1460 3176 vora·

406 3213 488 3278 aiter
531 3235 600 3278 esse
631 3214 774 3278 amioum
805 3213 877 3292 Dei,
910 3215 953 3279 ad
986 3215 1080 3300 eujus
1112 3218 1233 3278 nutum
1252 3219 1334 3300 ,tam
1360 3215 1460 3278 inerti

406 3335 528 3400 pavore
550 3337 721 3401 percussus
744 3321 887 3381 tremens
910 3317 1074 3403 disparuit
1096 3317 1303 3382 adversarius
1327 3317 1400 3381 Dei.

237 3422 339 3496 usquo
451 3418 633 3484 Perfectum
648 3419 815 3484 eeclesiam
838 3419 907 3505 ipse
923 3420 959 3484 in
974 3419 1096 3486 honore
1120 3419 1275 3486 Sanotae⁸
1290 3424 1325 3486 et
1347 3441 1460 3506 perps-

236 3489 386 3606 ?ffssffigh
406 3525 474 3586 auae
497 3519 643 3607 Virginis
665 3521 729 3586 os
751 3522 920 3608 genesas
943 3522 1057 3588 Mass
1080 3523 1264 3602 seusana
1285 3523 1407 3608 ibique,
1421 3527 1461 3588 ua

237 3619 345 3737 *Iglthed
406 3627 628 3708 proposuerat,
654 3623 829 3689 monachos
851 3624 887 3688 in
919 3630 1033 3690 saneta
1056 3626 1303 3690 conversatione
1328 3624 1460 3692 Christo

237 3701 339 3820 vizi}
406 3723 585 3788 servituros
608 3725 826 3810 congregavit.
873 3725 991 3791 Olerioi
1014 3747 1090 3812 ergo
1113 3727 1149 3790 in
1174 3727 1250 3791 sede
1277 3727 1461 3812 episcopali,

337 3854 338 3857 ¹
405 3846 480 3910 quae
512 3824 574 3890 sub
604 3825 736 3890 nomine
767 3825 900 3912 gloriosi
933 3827 1167 3913 Apostolorum
1190 3828 1348 3913 principis
1370 3827 1461 3892 Petri

405 3927 546 3993 fundato
579 3928 765 4013 antiquitus
802 3928 919 4006 fuerat,
951 3930 1209 4009 conveniebant3
1241 3935 1276 3994 et
1309 3929 1461 3995 monaehi

405 4028 443 4094 in
475 4050 563 4094 nova
597 4029 731 4096 ecelesia
765 4029 827 4094 sub
861 4030 1043 4116 patrocinio
1082 4031 1212 4097 Sanctae
1245 4031 1360 4096 Mariae
1393 4053 1462 4098 una

238 4135 376 4190 Theseeu-
406 4131 577 4217 degebant.
623 4130 671 4196 At
704 4130 797 4217 plebs
828 4153 917 4197 nuno
939 4132 1046 4210 istam,
1069 4154 1157 4198 nuno
1179 4133 1270 4198 illam
1294 4134 1461 4200 eoelesiam

236 4203 386 4321 lfflffi
406 4233 551 4299 vicissim
574 4233 778 4318 aliquamdiu
793 4233 1031 4319 frequentabat
1079 4234 1144 4299 Sed
1166 4239 1241 4320 post
1264 4234 1333 4300 dies
1357 4235 1461 4300 admi-

236 4337 371 4400 gradually
406 4339 517 4400 rantes
540 4339 573 4398 et
600 4334 793 4399 admirando
816 4341 1011 4402 venerantes
1033 4337 1268 4402 monachorum
1302 4337 1460 4423 religiosi-

237 4403 324 4451 druwn
331 4401 386 4452 into
653 4434 660 4448 ·
847 4437 854 4450 .
1098 4439 1104 4452 .

237 4468 349 4518 thenas
406 4433 755 4520 tatem‚paulat1mse
779 4435 969 4504 olenoorum
992 4437 1128 4524 collegio
1151 4445 1322 4525 ooeperunt
1344 4440 1461 4505 absen-

237 4541 340 4598 system.

441 4708 623 4778 ¹proeteadot]
643 4712 824 4774 pretendebat,
989 4715 1000 4748 ³
1020 4715 1138 4780 Sancte]
1159 4716 1255 4778 Beatos,
1266 4717 1300 4768 A.
1313 4717 1343 4768 B.

439 4789 450 4823 ²
468 4787 640 4856 mactandum]
654 4785 910 4854 spectaculum,A.B.
