3582 5798
670 886 830 936 Auoronn
853 885 1028 935 murno
1321 873 1362 939 59

305 1073 376 1140 haec
408 1075 492 1140 forte
524 1074 642 1147 lecturi
674 1080 753 1140 sunt
788 1075 859 1140 sive
893 1075 1041 1140 audituri
1073 1074 1237 1140 submissa
1268 1093 1364 1158 prece

305 1177 451 1263 deposco,
486 1199 527 1242 ne
559 1177 643 1241 mihi
684 1181 895 1243 succenseant
929 1178 1016 1262 quod
1049 1183 1117 1242 tam
1150 1177 1238 1242 clara
1269 1180 1363 1262 gesta

304 1280 389 1343 tanti
426 1280 530 1366 patris
564 1280 701 1344 obscuro
739 1281 935 1365 praesumpsi
973 1286 1072 1364 atque
1110 1279 1224 1365 inepto
1262 1275 1359 1343 stilol

306 1383 498 1448 describere.
559 1381 666 1446 Testis
704 1381 793 1446 enim
831 1381 914 1445 mihi
956 1388 1007 1446 est
1044 1383 1242 1448 conscientia
1280 1402 1361 1458 meo,
1375 1397 1474 1448 nehus

306 1485 401 1550 testis
425 1491 460 1549 et
481 1490 593 1550 vestre
610 1485 795 1570 prudentia,
812 1485 937 1549 domini
961 1487 1034 1560 mei,
1050 1484 1167 1550 fratres
1184 1485 1338 1550 videlicet
1349 1481 1362 1521 ²
1375 1463 1531 1596 ffigu‘sst

308 1587 450 1653 ecolesiae
473 1586 707 1672 WigomensiS,
734 1608 786 1650 me
818 1587 911 1650 nullo
944 1589 981 1650 in
1014 1587 1075 1652 hoc
1107 1587 1362 1673 praesumptione
1375 1597 1456 1648 ofthc

1376 1664 1530 1714 brethrenst
1584 1670 1587 1676 '

308 1691 444 1755 ductum
483 1689 592 1765 fuisse,
630 1690 686 1762 sed
725 1689 812 1754 siout
849 1691 885 1753 in
919 1690 1080 1775 principio
1115 1690 1194 1766 dixi,
1227 1689 1295 1754 sola
1329 1695 1364 1754 et
1376 1729 1529 1782 worcester.

309 1814 407 1878 quem
442 1791 632 1856 nullatenus
664 1793 804 1856 scienter
837 1791 1000 1856 offendere
1023 1791 1098 1856 volo
1121 1797 1231 1856 vestre
1265 1791 1364 1856 dilec-

308 1893 398 1959 tione
422 1893 480 1978 qui
515 1915 567 1958 me
601 1894 637 1957 id
671 1893 779 1958 facere
810 1893 1020 1978 praecepistis,
1039 1893 1139 1979 juxto
1169 1894 1256 1979 quod
1289 1915 1363 1958 eum

201 2031 203 2036 ·
309 2017 376 2082 prae
400 1995 527 2060 cunetis
550 1994 751 2072 mortalibus,
775 1995 861 2059 sicut
883 1996 1018 2073 aestim0,
1035 1995 1193 2060 sincerius
1216 1995 1363 2082 diligitis.

311 2097 412 2162 Vobis
435 2097 538 2182 igitur
561 2097 625 2160 ista
648 2096 771 2181 scripsi,
794 2117 853 2160 vos
876 2097 1027 2161 videritis
1048 2097 1128 2182 qnid
1151 2097 1228 2160 inde
1244 2097 1361 2162 volitis.

311 2200 381 2286 Ego
409 2198 511 2284 jussis
535 2199 663 2274 vestris,
687 2203 786 2283 prout
809 2199 899 2262 Deus
924 2198 992 2262 Sua
1017 2199 1125 2284 gratia
1147 2219 1240 2284 posse
1263 2199 1362 2276 dedit,

311 2301 417 2366 libens
440 2300 544 2385 parui,
568 2305 703 2385 paratus
726 2301 762 2363 in
785 2299 858 2364 aliis
882 2301 909 2363 si
932 2300 1070 2364 facultas
1094 2301 1243 2365 extiterit
1264 2302 1363 2366 ratio-

314 2427 377 2490 que
409 2403 616 2488 persuaserit,
640 2402 848 2487 dispositioni
872 2408 990 2466 vestrae
1024 2423 1144 2487 parere.
1193 2403 1234 2467 In
1261 2405 1365 2468 omni-

312 2509 374 2572 bus
397 2511 507 2570 autem
531 2511 631 2589 atque
662 2528 720 2591 per
743 2507 854 2571 omnia
875 2506 1030 2570 voluntas
1053 2506 1188 2570 Domini
1210 2507 1277 2584 fiet,
1303 2506 1366 2573 Oui

313 2612 358 2694 sit
390 2609 503 2684 honor,
534 2613 688 2693 potestas,
725 2613 760 2672 et
797 2609 981 2696 imperium,
1012 2629 1069 2693 per
1106 2609 1217 2674 omnia
1247 2611 1366 2676 smerde

314 2711 513 2779 saeoulorum.
559 2711 674 2775 Amen.

316 2911 520 2998 Expliciunt
543 2911 724 3000 qscoedom³
744 2912 919 3030 miraculo
941 2915 1061 2982 Sancti
1086 2915 1234 2984 Occator·
1256 2915 1366 2983 orobi-

770 3037 924 3102 aposcopc.

352 3263 360 3292 ι
377 3260 450 3328 351⁰]
472 3277 596 3323 sermone,
607 3265 638 3313 B·
902 3235 1051 3302 ³qroedanr]
1072 3252 1122 3286 om.
1145 3238 1175 3288 B.
1220 3239 1251 3288 In
1271 3238 1305 3290 A.
1324 3240 1368 3290 the

869 3316 953 3366 rubrio
976 3331 1046 3378 runs,
1067 3317 1182 3382 Explicit
1204 3318 1257 3368 vita
1279 3318 1368 3371 Sancti
1430 3365 1432 3369 .

351 3367 506 3432 ²v1'd‘st'ffl‘]
528 3384 578 3418 ⁰¹¹²·
591 3369 621 3419 Β·
869 3394 982 3444 Osweldi
993 3395 1187 3474 archipraesulis.
