3410 5840
448 907 514 970 5s0
872 921 1059 971 nrrnunrx.

443 1109 493 1170 est
516 1105 556 1168 de
581 1105 749 1180 miraculo,
772 1110 807 1170 et
828 1106 977 1191 gaudens
1001 1106 1096 1170 venit
1118 1106 1269 1184 domum,
1293 1111 1330 1170 et
1350 1110 1493 1169 eventum

442 1207 490 1270 rei
525 1205 660 1272 familiae
694 1229 772 1282 suae,
803 1211 838 1271 et
868 1207 1002 1274 cuidam
1034 1205 1145 1274 vicino
1180 1227 1254 1286 suo,
1288 1205 1430 1271 Roberto
1460 1206 1495 1271 de

444 1307 546 1373 Cleve
568 1307 709 1385 nomine,
726 1307 902 1394 indicavit,¹
912 1314 948 1373 et
962 1313 1092 1394 partem
1109 1307 1262 1394 ejusdem
1285 1307 1383 1392 panis
1398 1307 1496 1384 dedit;

443 1415 476 1474 et
499 1416 613 1495 postea
642 1416 851 1476 accesserunt
884 1411 983 1476 ambo
1007 1411 1051 1476 cd
1078 1411 1267 1486 eeclesiam,
1295 1407 1496 1474 ostendentes

442 1511 551 1595 palam
576 1512 773 1578 miraculum
806 1513 895 1598 quod
919 1513 1127 1598 contigerat;
1165 1517 1203 1578 et
1239 1531 1326 1576 uxor
1358 1510 1496 1596 praedicti

442 1615 579 1680 Roberti
614 1616 654 1680 de
687 1615 801 1680 Lewes
833 1622 935 1701 gustu
970 1615 1075 1702 ipsius
1106 1616 1207 1701 panis
1242 1619 1362 1682 curata
1394 1612 1496 1676 fuita

441 1715 539 1794 febre,
563 1722 598 1781 ct
620 1717 732 1802 plures
755 1717 814 1784 ulii
836 1717 1071 1783 febricitantes,

273 1824 300 1871 Α
313 1835 371 1870 01¹r0
384 1824 417 1885 by
487 1821 539 1882 40.
563 1817 707 1896 Quidam
730 1817 922 1903 Regnaldus
945 1817 1135 1904 capellanus
1157 1817 1230 1882 fere
1256 1816 1387 1880 duobus
1409 1813 1496 1879 annis
1551 1855 1557 1870 ι

272 1889 561 2018 3;{‚(},3}1¹ffifelapsis
584 1921 669 1986 circa
691 1921 813 1986 festum
838 1920 954 1987 Sancti
987 1919 1152 1985 iohannis
1175 1919 1347 2005 Baptistae
1380 1916 1499 1980 labora·

272 2022 315 2135 ‘pe
328 2022 399 2135 ⁰³¹³bt
441 2021 500 2086 bat
523 2021 735 2087 vehementer
750 2021 841 2086 febre
863 2021 1018 2098 tertiana,
1034 2023 1083 2087 ita
1106 2023 1196 2106 quod
1221 2020 1362 2086 medicis
1385 2018 1497 2082 mirum

271 2099 403 2138 ierom.
441 2125 550 2188 visum
574 2125 641 2189 fuit
675 2125 764 2210 quod
795 2131 905 2212 posset
940 2124 1098 2190 incedere.
1148 2123 1307 2203 Quadam
1341 2141 1420 2186 vero
1447 2119 1498 2182 die

439 2247 587 2291 accessus
610 2247 687 2302 suae,
710 2232 786 2310 post
808 2247 940 2301 nonam,
956 2226 1043 2290 sedit
1065 2226 1101 2289 in
1125 2225 1268 2290 ecclesie
1284 2223 1383 2288 Beati
1406 2220 1496 2294 Petri,

440 2349 540 2412 prope
556 2327 705 2392 tumbam
729 2326 845 2393 Sancti
868 2326 1027 2392 Willelmi
1038 2349 1047 2404 ;
1068 2331 1103 2390 et
1118 2325 1209 2392 ecce!
1236 2326 1418 2394 clamatum
1437 2320 1497 2384 fuit

440 2451 460 2494 a
482 2429 635 2515 pluribus
659 2430 748 2514 quod
772 2430 879 2494 oleum
907 2429 1068 2494 deflueret
1089 2449 1111 2493 a
1142 2429 1272 2494 tumba
1320 2425 1496 2492 Accurrens

440 2531 496 2594 ille
519 2552 593 2594 cum
616 2529 691 2594 aliis
714 2530 846 2593 invenit
869 2550 977 2594 rosam
990 2553 998 2608 3
1022 2534 1056 2593 ct
1080 2527 1198 2593 folium
1220 2551 1308 2595 rosae
1340 2527 1428 2591 illius
1450 2525 1496 2587 in-

441 2632 544 2695 tinxit
567 2632 603 2694 in
626 2631 697 2696 olco
729 2631 923 2696 decurrente
954 2635 989 2694 et
1021 2630 1173 2706 comedit,
1196 2635 1231 2695 et
1266 2634 1384 2716 postea
1417 2646 1496 2691 nun-

440 2753 539 2817 quam
562 2733 779 2798 accessionem
803 2732 893 2796 illius
916 2731 1018 2795 febris
1040 2731 1153 2796 sensit.

272 2846 296 2894 Α
310 2845 381 2894 shee-
486 2838 537 2900 41.
561 2835 703 2899 Thomas
731 2834 874 2910 Scottus
898 2853 973 2898 curn
1009 2833 1078 2918 ipse
1112 2839 1246 2918 pararet
1279 2832 1343 2898 filii
1377 2831 1428 2896 sui
1450 2849 1497 2892 so·

270 2913 426 3038 {isaifflfmb’
440 2935 564 3001 tulares
591 2937 628 3000 in
661 2933 778 3021 vigilia
811 2934 926 3000 Sancti
959 2933 1140 3010 Laurentii,
1174 2933 1293 2999 amisit
1327 2933 1445 3004 visum,
1467 2933 1498 2991 et

270 3045 409 3094 audblind·
438 3039 599 3114 auditum,
623 3043 657 3102 et
679 3037 864 3122 loquelam3
887 3041 979 3101 etos
1002 3036 1074 3121 ejus
1089 3057 1221 3100 versum
1245 3036 1316 3102 fuit
1339 3034 1383 3100 ad
1406 3031 1497 3096 sinis·

438 3144 524 3203 tram
548 3161 669 3214 aurem,
694 3143 729 3202 et
756 3139 875 3202 dextra
909 3137 999 3202 auris
1022 3137 1066 3202 ad
1097 3137 1206 3202 locum
1229 3137 1310 3208 orie.
1357 3135 1413 3201 Sic
1445 3153 1495 3196 ve-

438 3239 531 3304 niens
554 3240 596 3304 ad
620 3239 770 3303 tumbam
795 3238 910 3304 Sancti
933 3237 1102 3318 Willelmi,
1125 3244 1160 3303 et
1182 3237 1310 3304 ibidem
1332 3260 1354 3304 a
1376 3233 1494 3303 nativi-

438 3344 506 3405 tate
530 3339 643 3404 Beatae
678 3339 793 3404 Mariae
817 3361 921 3426 usque
953 3339 997 3404 ad
1030 3339 1152 3405 festum
1185 3339 1303 3406 Sancti
1329 3335 1494 3405 Michaelis

437 3441 634 3518 demoratus,
657 3446 692 3505 et
715 3441 892 3506 sanitatem
916 3441 1293 3527 omnimodam'reoepit

271 3550 296 3598 Λ
312 3551 425 3615 erippled
484 3545 533 3608 42.
558 3539 645 3608 Puer
667 3563 746 3607 vero
776 3548 935 3608 curvatur
956 3541 1000 3607 ab
1033 3541 1185 3620 infantia,
1208 3563 1309 3628 quem
1342 3549 1436 3629 pater
1461 3545 1494 3604 et

270 3617 320 3681 ¹³⁰5
333 3620 416 3668 curer.
438 3651 545 3710 mater
582 3645 794 3709 adduxerunt
832 3645 876 3709 ad
915 3643 1065 3708 tumbam
1103 3643 1219 3710 Sancti
1257 3643 1426 3722 Willelmi,
1460 3647 1493 3708 et

437 3746 562 3812 ibidem
584 3747 708 3831 recepit
739 3747 954 3812 erectionem:
988 3745 1045 3810 ille
1080 3765 1158 3810 vero
1190 3746 1304 3811 eodem
1343 3747 1398 3812 die
1430 3763 1492 3829 quo

437 3845 559 3912 eccidit
581 3845 775 3922 ambulavit,
799 3851 842 3922 et,
865 3845 984 3911 ludens
1001 3850 1078 3911 ante
1101 3865 1282 3930 nunquam,
1297 3845 1489 3913 ambulavit.

270 4055 314 4103 nn
327 4055 409 4105 inum·
483 4045 664 4112 Nicholaus
699 4045 878 4131 episcopus,
901 4065 1014 4110 servus
1037 4065 1207 4111 servorum
1229 4045 1304 4121 Dei,
1328 4044 1487 4113 universis

268 4123 413 4237 iffi?
438 4147 564 4214 Christi
587 4146 740 4212 fidelibus
763 4153 941 4232 praesentes
973 4147 1087 4212 literas
1118 4148 1317 4234 inspecturis
1348 4149 1486 4216 salutem

253 4238 376 4316 ,iodays
437 4254 471 4314 et
493 4248 718 4334 Apostolicam
750 4248 1023 4314 benedictionem.
1067 4248 1157 4314 Vitae
1189 4249 1342 4334 perennis
1373 4248 1485 4338 gloria,

268 4321 396 4436 ξῖᾐῖᾞῗξὴ
436 4373 502 4438 qua
523 4352 607 4416 mira
628 4350 816 4436 benignitas
833 4350 1021 4418 Conditoris
1037 4351 1185 4417 omnium
1201 4352 1332 4418 beatam
1354 4354 1486 4420 coronat

271 4453 307 4526 δ’·
322 4452 387 4538 p'u-
435 4454 538 4519 aciem
562 4451 685 4518 civium
707 4473 922 4538 supernorum
945 4473 966 4518 a
987 4451 1166 4538 redemptis
1188 4452 1296 4538 pretio
1317 4451 1484 4542 sanguinis

267 4518 347 4644 ἶοᾞξ
435 4554 502 4619 fusi
526 4555 566 4620 de
589 4555 733 4640 pretioso
756 4575 888 4641 corpore
912 4553 1150 4640 Redemptoris‚
1172 4555 1366 4620 meritorum
1389 4553 1484 4621 debet

268 4652 331 4700 s¹'⁰¹¹¹
346 4651 391 4700 ⁸5·
435 4657 561 4742 acquiri
583 4657 717 4722 virtute.
765 4657 859 4722 Inter
881 4677 955 4742 quae
977 4656 1062 4720 illud
1085 4677 1154 4722 esse
1176 4657 1369 4743 praegrande
1392 4657 1483 4724 dino-

264 4718 352 4768 ⁰h⁰¹²¹⁵
364 4719 413 4771 lv.
434 4759 544 4836 scitur,
569 4758 657 4844 quod
679 4758 811 4844 ubique,
833 4759 890 4825 sed
921 4758 1084 4845 praecipue
1107 4759 1144 4824 in
1167 4759 1364 4826 Sanctorum
1387 4758 1482 4829 eccle·
