3582 5798
427 883 492 947 100
560 896 709 946 HISTORY
732 896 775 944 OF
799 888 892 943 FOUR
915 890 1151 942 AROHBISHOPS
1174 888 1218 937 OF
1241 885 1337 935 YORK

427 1087 548 1165 dicens,
571 1108 639 1154 non
660 1088 868 1154 consecratus
883 1081 1072 1170 di[s]cessit,
1095 1105 1174 1162 rem,
1198 1083 1284 1150 siout
1308 1087 1388 1162 erat,
1411 1084 1482 1172 regi

429 1189 636 1256 denuntians.
709 1189 784 1254 Rex
822 1187 929 1274 primo
967 1187 1104 1253 moleste
1141 1187 1315 1273 accipiens,
1353 1187 1482 1252 remisit

429 1315 503 1358 eum
526 1293 569 1360 ad
591 1292 872 1378 arehiepiscopum
906 1312 982 1358 eum
1015 1291 1173 1356 mandato
1196 1295 1236 1355 ut
1258 1311 1334 1354 eum
1357 1289 1480 1375 profes-

371 1475 373 1482 ,
426 1402 518 1486 sione
550 1419 617 1465 non
649 1405 768 1466 exacta
798 1403 1011 1476 consecraret,
1046 1397 1104 1464 sed
1138 1417 1199 1462 neo
1233 1402 1314 1462 tune
1346 1395 1480 1481 quidem

426 1502 541 1568 voluit.
597 1500 699 1565 Venit
721 1500 827 1586 igitur
858 1500 901 1565 ad
933 1522 1052 1587 regem.
1111 1499 1340 1586 Interrogatus
1374 1499 1417 1564 ab
1441 1520 1480 1564 eo

426 1611 484 1670 cur
519 1605 756 1670 Eboracensem
788 1602 929 1669 electum
960 1623 1028 1668 non
1059 1607 1287 1680 consecrasset,
1308 1601 1481 1688 respondit

427 1707 664 1774 Eboraoenssm
687 1705 857 1772 ecelesiam
880 1705 1113 1772 Cantuariensi
1144 1706 1263 1772 debere
1294 1705 1422 1791 subjici,
1445 1710 1480 1768 et

426 1810 566 1876 electum
604 1810 694 1874 illius
726 1808 947 1876 ordinandum
992 1809 1174 1876 ordinatori
1212 1829 1272 1874 suo
1310 1807 1479 1894 profiteri:

259 1913 410 1966 Lannanrs
427 1935 522 2000 porro
546 1912 628 1978 utile
659 1933 728 1978 esse
760 1913 802 1978 ad
834 1912 929 1999 regni
966 1912 1194 1998 integritatem
1221 1917 1255 1977 et
1287 1910 1480 1976 firmitatem

258 1997 399 2112 33⁰3,oe
428 2017 696 2094 conservandam,
727 2020 766 2080 ut
797 2015 974 2081 Britannia
1012 2018 1103 2081 tota
1122 2016 1181 2080 uni
1216 2016 1310 2101 quasi
1344 2015 1480 2101 primati

258 2115 379 2231 323¹}th
428 2119 642 2198 subderetur3
663 2117 811 2202 alioquin
833 2118 1024 2204 contingere
1047 2139 1150 2204 posse,
1172 2118 1226 2184 vel
1249 2140 1308 2183 suo
1331 2117 1385 2183 vel
1408 2140 1479 2184 suc-

257 2253 325 2297 mate
337 2198 393 2297 oppr-
429 2241 591 2288 sessorum
613 2241 747 2286 suorum
770 2225 926 2306 tempore,
941 2224 981 2286 ut
1004 2220 1044 2286 de
1060 2220 1168 2300 Dacis,
1191 2243 1249 2288 seu
1265 2221 1478 2298 Norensibus,

259 2313 340 2364 Μ·
428 2324 499 2388 sive
532 2322 648 2401 Sentis,
672 2323 730 2408 qui
762 2323 942 2389 Eboraeam
977 2324 1114 2410 navigio
1136 2324 1308 2389 venientes
1340 2345 1479 2409 regnum

426 2426 580 2494 infestare
602 2425 761 2504 solebant,
785 2448 871 2492 unus
893 2425 936 2492 ab
960 2425 1157 2492 Eboracensi
1179 2426 1423 2512 archiepiscopo
1446 2432 1481 2492 et

425 2529 646 2616 aprovinciae
676 2527 765 2594 illius
799 2528 964 2616 indigenis
998 2529 1176 2594 mobilibus
1206 2534 1242 2595 et
1263 2528 1398 2615 perfidis
1420 2551 1480 2594 rex

257 2649 364 2700 Thein-
425 2637 597 2709 crearetur,
621 2637 656 2698 et
677 2631 724 2698 sio
753 2653 892 2718 regnum
926 2631 1099 2698 turbatum
1122 2632 1343 2720 scinderetur.
1390 2631 1479 2698 Talis

256 2717 395 2835 {Zffin‘gf
427 2737 539 2822 opinio
562 2737 602 2802 de
626 2735 808 2802 Lanfranco
838 2736 927 2822 apud
950 2735 1160 2801 Normannos
1182 2736 1369 2802 habebatur
1391 2737 1479 2822 quod

386 2823 392 2836 ⁵
428 2839 586 2925 quioquid
608 2843 772 2904 astrueret
793 2859 861 2904 non
895 2837 993 2904 aliter
1024 2838 1142 2904 debere
1176 2861 1245 2906 esse
1263 2840 1477 2926 judicaretur.

424 2941 507 3007 Erat
526 2941 663 3027 quidem
687 2941 757 3028 ipse
781 2941 962 3006 virbonus
985 2944 1020 3006 et
1043 2941 1184 3028 sapiens,
1199 2942 1257 3008 sed
1279 2942 1355 3029 plus
1378 2963 1477 3028 quarn

424 3043 562 3110 decebat
585 3042 784 3110 monaahum
806 3043 919 3130 gloriae
942 3047 977 3108 et
992 3043 1168 3129 dignitatis
1190 3048 1360 3129 appetens.
1400 3042 1478 3108 Per-

424 3146 631 3211 suasionibus
654 3145 743 3211 illius
774 3168 833 3212 rex
855 3166 962 3211 novus
992 3145 1153 3224 credulus,
1176 3146 1271 3212 donis
1294 3151 1329 3212 et
1351 3146 1479 3233 pollici·

425 3247 610 3314 tationibus
632 3247 784 3335 plurimis
800 3248 979 3314 distractus
995 3253 1055 3327 est,
1078 3249 1166 3314 sicut
1188 3249 1325 3335 quidam
1347 3251 1479 3337 sapiens

423 3351 481 3429 ait,
498 3359 515 3386 “
526 3351 718 3438 plerumque
733 3352 832 3438 regiae
855 3351 1044 3417 voluntates
1066 3349 1218 3416 necnonl
1242 3357 1376 3432 mentes,
1392 3353 1478 3420 sieut

425 3459 443 3488 “
465 3458 545 3519 sunt
566 3454 711 3534 mobiles,
735 3477 821 3542 saepe
844 3455 925 3540 ipsse
948 3455 1095 3520 adversae
1118 3453 1209 3520 sibi.''
1255 3451 1258 3458 ’

256 3559 385 3640 rhecng
470 3555 621 3642 loquens
652 3557 756 3644 igitur
789 3579 849 3622 rex
881 3555 1079 3622 Eboracensi
1109 3555 1221 3635 electo,
1245 3557 1351 3644 primo
1373 3558 1477 3644 preci-

254 3633 354 3742 fflew
424 3658 493 3736 bus,
517 3657 697 3738 blanditiis,
720 3659 896 3746 promissis,
919 3658 1044 3724 efficere
1074 3663 1212 3724 conatus
1234 3664 1285 3724 est
1306 3666 1346 3725 ut
1367 3681 1478 3726 conse-

255 3760 364 3810 Thomas
424 3761 602 3826 cretionem
625 3761 805 3847 suscipiens
826 3759 1060 3846 professionem
1082 3760 1211 3839 faceret,
1228 3766 1362 3847 propter
1385 3763 1477 3848 regni

255 3825 359 3888 profess.
423 3865 586 3930 unitatem
610 3869 644 3930 et
666 3863 787 3950 pacem,
811 3864 897 3930 siout
921 3865 951 3928 ei
974 3885 1166 3949 persuasum
1197 3870 1275 3930 erat.
1323 3865 1385 3931 Ille
1407 3867 1477 3952 regi

423 3967 593 4053 respondit
615 3987 675 4032 nec
705 3968 831 4044 debere,
862 3989 924 4032 nec
954 3968 1148 4032 canonicum
1179 3989 1256 4044 esse,
1280 3989 1380 4054 regno
1404 3969 1477 4053 qui·

255 4076 384 4144 Theking
424 4069 499 4134 dem
522 4089 583 4134 neo
605 4069 780 4134 honestum
804 4090 864 4134 nec
886 4069 977 4134 utile.
1036 4069 1146 4136 Iratus
1170 4070 1283 4156 itaque
1306 4093 1365 4136 rex
1388 4071 1477 4135 dixit

254 4143 382 4261 ffiffi
425 4171 455 4234 ei
478 4172 566 4255 quod
590 4171 702 4236 odium
726 4171 797 4256 ejus
820 4175 979 4257 perpetuo
1002 4171 1159 4252 haberet3
1183 4173 1402 4238 comminatus
1425 4177 1476 4238 est

424 4271 524 4336 etiam
548 4273 635 4355 quod
659 4295 720 4338 nec
743 4274 916 4359 quisquam
939 4274 980 4338 de
1003 4275 1056 4337 sui
1079 4276 1208 4360 generis
1222 4277 1417 4362 propinquis
1440 4276 1476 4339 in

425 4370 548 4456 Anglia
570 4393 630 4437 nec
662 4374 698 4437 in
721 4375 930 4440 Normannia
963 4382 1156 4455 remaneret,
1180 4378 1208 4442 si
1230 4397 1298 4443 non
1320 4399 1475 4465 persona·

423 4473 508 4550 liter,
546 4474 663 4540 saltem
707 4476 929 4563 L[anfraneo],
968 4479 1187 4564 profiteretur,
1226 4487 1265 4546 ut
1304 4481 1475 4568 Scriptura

423 4573 513 4651 dicit,
547 4573 636 4641 meat
668 4577 805 4663 rogites
838 4578 953 4658 leonis,
976 4581 1025 4646 sio
1058 4587 1167 4647 terror
1203 4582 1299 4670 regia.
1345 4582 1474 4648 Timuit
1485 4595 1651 4654 Pronum.

771 4817 776 4848 ¹
795 4819 899 4884 virenon]
922 4825 950 4869 ut
961 4833 1017 4883 nee,
1032 4819 1091 4872 MS.
