3530 5790
616 887 660 936 nr
683 886 823 936 rnours
846 887 981 935 srusns.
1253 871 1317 934 395

266 1075 356 1161 apud
380 1069 619 1151 schireburn}
643 1093 731 1138 anno
754 1072 889 1138 Domini
921 1053 1058 1148 nonna,
1075 1069 1169 1156 cujus
1192 1092 1319 1156 corpus,

264 1198 369 1262 usque
385 1175 568 1240 Eboracum
592 1173 747 1251 delatum,
771 1175 808 1238 in
831 1173 967 1240 ecclesia
990 1173 1105 1239 Sancti
1129 1172 1220 1238 Petri
1243 1195 1318 1239 cum

266 1278 389 1344 honore
412 1275 524 1342 debito
547 1275 694 1341 traditur
715 1275 904 1363 sepulturae.

685 1465 1023 1472 —--.--—-.——.-.-.—-———
1031 1465 1319 1474 ——-—-——-—-—-·—-—--.

268 1583 388 1639 eeclesia
410 1582 462 1637 illa
485 1581 611 1638 alienare
633 1587 829 1654 praesumeret.
876 1579 1040 1636 Willelrnus
1063 1581 1142 1636 enim
1165 1579 1320 1652 archiepis·

245 1691 250 1698 ·
269 1689 357 1744 copus
375 1677 406 1728 et
428 1671 582 1744 privilegis
605 1676 636 1727 et
654 1671 748 1726 multa
762 1670 821 1726 alia
843 1671 968 1742 pretiosa
983 1669 1019 1725 de
1033 1669 1170 1727 thesauro
1192 1669 1320 1726 melesius

269 1761 467 1828 Eboraeensis,
484 1777 536 1834 pro
551 1761 681 1832 pecuniis
696 1777 767 1832 quas
783 1761 814 1815 in
830 1759 1055 1831 profectionibus
1071 1761 1129 1816 suis
1144 1759 1182 1817 ad
1198 1759 1322 1816 Romam

270 1856 501 1922 consumpserat,
525 1850 728 1906 nummulariis
750 1855 928 1922 exposuerat.

313 1941 401 1996 Anno
424 1931 560 1994 Domini
595 1954 694 2006 nomn,
726 1939 870 1995 Henrious
904 1937 1136 2010 archiepiscopus
1170 1939 1252 1994 venit
1284 1938 1322 1994 ad

270 2017 478 2106 Augustudd²
504 2029 665 2094 ecclesiam,
689 2035 872 2100 moratusque
899 2028 939 2082 ibi
964 2028 1133 2100 perplures
1155 2027 1224 2084 dies.
1267 2029 1321 2084 Eo-

271 2119 336 2174 dem
365 2137 442 2174 cnno
457 2107 636 2174 Willelmus
667 2119 816 2190 episcopus
847 2117 1050 2172 Dunelmensis
1073 2117 1146 2172 obiit
1176 2117 1241 2173 idus
1263 2117 1323 2174 No·

270 2208 405 2264 rembris.
671 2207 673 2210 ’

254 2331 258 2336 -
314 2298 402 2352 Anno
418 2287 554 2352 Domini
571 2310 681 2362 uonna,
699 2295 776 2368 apud
791 2287 962 2364 Duresme,
978 2295 1026 2351 die
1048 2295 1163 2353 Sancta
1186 2295 1322 2368 Agnetis,

272 2387 445 2442 Laurentius
468 2387 556 2457 prior,
573 2386 661 2441 Waao
684 2391 714 2440 et
737 2385 831 2441 Rann’
859 2385 1065 2450 archidiaconi,
1093 2382 1128 2440 et
1150 2387 1324 2441 universitas

271 2475 341 2531 cleri
357 2481 563 2531 consenserunt
580 2476 612 2528 in
627 2474 768 2530 electione
790 2475 925 2546 Hugouis
940 2474 1111 2530 thesaurarii
1126 2475 1323 2530 Eboraoensis.

272 2565 415 2620 Henricus
438 2583 506 2620 vero
529 2565 769 2636 archiepiscopus,
793 2563 928 2620 electioni
945 2564 1122 2636 improbans,
1146 2566 1271 2636 priorem
1294 2569 1325 2620 et

271 2654 487 2710 archidiaconos
509 2647 780 2720 excommunicavit,
806 2658 985 2730 exortusque
1008 2659 1053 2708 est
1075 2655 1219 2708 tumultus
1243 2671 1323 2724 mag-

272 2761 327 2798 nus
353 2743 489 2799 adversus
519 2743 766 2816 archiepiscopum
796 2742 958 2814 superbae
988 2742 1111 2814 repulsa.
1174 2743 1324 2814 Siquidem

272 2833 366 2904 capite
390 2831 499 2902 Jejunii
523 2832 600 2904 apud
623 2833 784 2887 Eboracum
807 2837 1005 2886 convenerunt
1027 2831 1063 2886 ad
1087 2821 1323 2888 Eboraeensem

272 2922 519 2994 archiepiscopum
550 2921 628 2993 prior
654 2927 684 2976 et
710 2921 915 2988 archidiaconi,
939 2925 970 2976 et
999 2921 1050 2976 alii
1081 2921 1189 2992 pariter
1211 2939 1323 2977 excom·

273 3012 423 3076 manicati,
447 3029 508 3066 sese
531 3011 641 3066 absolvi
672 3011 859 3082 postulantes.
920 3011 1144 3066 Insurrexerunt
1173 3011 1262 3066 etiam
1293 3011 1325 3065 iu

272 3119 403 3155 murmur
425 3102 503 3156 cives
526 3101 718 3154 Ebcracenses
741 3117 807 3154 cum
830 3099 882 3166 eie,
906 3099 1095 3154 contumelias
1110 3100 1198 3169 regite
1222 3097 1324 3170 majes-

273 3191 342 3245 tatis
364 3191 555 3246 vociterantes
585 3189 616 3243 in
639 3207 714 3244 eum.
776 3188 888 3244 Idcirco
914 3188 1146 3260 archiepiscopus
1175 3188 1326 3244 festinarit

273 3279 372 3349 egredi
402 3279 439 3334 ab
461 3279 542 3344 urbe,
566 3283 596 3334 et
617 3295 677 3332 non
700 3283 744 3332 est
765 3293 911 3348 regressus
935 3277 966 3332 in
989 3295 1053 3332 eum
1075 3293 1165 3348 usque
1188 3277 1226 3332 ad
1248 3277 1325 3333 diem

273 3370 375 3423 mortis
405 3387 474 3424 suae.
539 3369 608 3424 Post
639 3367 745 3422 multas
778 3385 847 3422 vero
877 3366 1060 3422 difficultates
1090 3366 1214 3421 absoluti
1247 3372 1325 3432 sunt,

186 3485 188 3488 ·
273 3447 381 3534 adjuti
413 3448 578 3513 scandatis
601 3446 782 3512 Theobaldi
807 3447 1055 3512 Cantuaricnsis
1078 3446 1324 3533 archiepiscopi.

274 3547 374 3602 Mense
396 3546 524 3618 Augusti
554 3547 642 3616 Hugo
673 3546 782 3602 electus
812 3567 815 3572 ·
842 3537 1069 3613 Dunelmensis,
1086 3545 1178 3600 fretus
1208 3545 1326 3617 scriptis

274 3635 432 3692 Theobaldi
455 3636 674 3707 archiepiscopi,
690 3643 720 3691 et
739 3626 878 3691 aliorum
902 3632 1095 3712 magnatum
1118 3633 1247 3705 Angliee,
1265 3635 1325 3706 ipse

274 3743 340 3780 cum
356 3726 467 3782 clericis
491 3725 734 3780 Dunelmensibus
757 3725 904 3796 praedictis
926 3724 1111 3796 presentiam
1134 3741 1216 3796 papae
1244 3724 1325 3780 adiit.

275 3815 384 3870 Eodem
407 3833 483 3870 anno
506 3815 580 3870 obiit
601 3832 677 3886 papa
699 3813 858 3885 Eugenins‚
882 3809 917 3868 ei
947 3805 1149 3868 substituas
1183 3811 1233 3868 est
1267 3825 1326 3890 pro

276 3929 313 3972 eo
329 3916 508 3972 Anastasius.
554 3905 687 3971 Eisdem
711 3905 765 3970 die
789 3911 823 3970 et
846 3925 941 3982 anno,
958 3905 1015 3970 vii.
1039 3904 1137 3969 annis
1160 3905 1196 3968 in
1221 3904 1326 3970 archi·

275 4009 465 4094 episcopatu
501 4008 683 4094 completis,
714 4007 798 4072 obiit
829 4006 995 4072 Henricus
1029 4007 1208 4092 praedictus
1238 4005 1327 4092 apud

276 4111 468 4189 Shireburn,
491 4131 579 4174 anno
602 4097 785 4174 Dominicae
816 4109 1052 4174 incarnationis
1086 4125 1220 4186 arcani,
1245 4116 1327 4187 cujus

275 4240 387 4294 corpus,
410 4234 516 4298 usque
539 4221 700 4276 Eboracum
715 4220 854 4286 delatum,
878 4221 909 4276 in
934 4209 1069 4276 eeclesia
1099 4210 1214 4276 Sancti
1237 4209 1327 4274 Petri

275 4337 350 4381 cum
372 4315 495 4380 honore
519 4314 630 4380 debito
653 4313 798 4379 traditur
820 4313 1005 4399 sepulturae.

286 4657 289 4663 ι
311 4583 319 4616 ²
340 4580 515 4667 schireburne]
537 4581 699 4651 Shireburne,
712 4581 742 4635 C.
809 4581 815 4648 Ι
861 4579 872 4614 ²
890 4581 1120 4648 Arrqmtuldensern,
1133 4581 1165 4634 G.
