3530 5790
593 894 831 946 monarssors
853 897 897 946 or
920 897 1025 948 roas.
1267 887 1332 958 337

281 1103 348 1147 non
371 1104 474 1169 parva
488 1093 520 1148 in
535 1093 598 1149 loeo
622 1091 672 1165 qui
694 1081 879 1164 appellatur¹
903 1081 1146 1159 Pinchaulialoh,²
1176 1085 1230 1150 aui
1264 1083 1334 1170 ipse

281 1185 460 1270 praesidene
484 1207 559 1252 cum
591 1183 720 1272 magnis
743 1190 778 1250 et
801 1185 1006 1272 sapientibus
1038 1187 1185 1272 personis
1218 1209 1331 1272 quam-

282 1273 441 1360 plurimis,
465 1301 588 1356 quorum
603 1283 759 1356 prudentis
774 1290 804 1339 et
822 1281 940 1354 justitia
954 1290 1048 1340 status
1062 1286 1147 1356 regni
1170 1285 1332 1341 Nerthum·

281 1373 401 1428 brorum
417 1365 483 1428 illis
505 1374 685 1446 temporibus
708 1362 928 1430 inedicibiliter³
949 1373 1107 1430 redolebat.
1153 1366 1331 1451 Postquam

282 1464 376 1517 multa
391 1463 426 1518 de
448 1463 577 1519 utilitate
593 1468 700 1518 sanctis
716 1462 855 1528 ecclesias,
879 1462 1031 1535 gentisque
1046 1454 1335 1533 Nerthumbrorum‚⁴

282 1552 470 1624 omniumque
492 1552 719 1624 provinciarum,
743 1557 774 1608 et
796 1552 831 1607 de
863 1553 1062 1608 observatione
1085 1553 1232 1609 Paschalis
1256 1555 1333 1620 festi,

281 1647 312 1695 et
334 1639 508 1711 judiciorum
523 1641 697 1697 Diviuorum
720 1645 806 1713 atque
828 1641 1021 1708 saecularium,
1038 1637 1072 1698 et
1095 1633 1135 1699 de
1158 1640 1335 1719 augmento

284 1721 493 1788 ecclesiastici
509 1722 645 1800 servitii,
668 1720 758 1786 etde
781 1721 904 1786 honore
926 1721 974 1786 et⁵
995 1723 1245 1788 necessitatibus
1268 1745 1334 1788 ser·
1372 1785 1376 1792 .

284 1811 447 1876 viantium
464 1811 535 1876 Deo
550 1820 717 1876 rationabili
737 1819 859 1876 consilio
875 1810 1085 1897 providentes
1101 1817 1334 1889 tractaverant,

285 1909 424 1982 pracepit
454 1902 598 1965 domuus⁶
628 1909 750 1965 antistes
788 1908 947 1964 ambaldus
977 1899 1020 1965 ad
1052 1900 1335 1967 confirmationem

284 1989 362 2055 fidei
395 1991 542 2054 omnium
576 1998 692 2055 recitari
726 1997 813 2054 fidem
835 2017 864 2053 v.
889 1997 1083 2070 Synodorum,
1108 2000 1143 2056 do
1167 2000 1273 2072 quibus
1303 2000 1335 2055 in

285 2087 417 2144 Historia
431 2087 596 2159 Anglorum
619 2087 661 2144 sio
683 2088 814 2144 habetur.

121 2181 196 2242 Beda,
204 2179 238 2230 ir.
249 2184 273 2229 a.
332 2179 351 2203 “
364 2178 544 2250 Suscipimus
563 2183 677 2234 sanctae
699 2183 730 2232 et
751 2175 929 2232 universales
953 2175 1082 2250 quinque
1115 2179 1240 2252 synodos
1271 2179 1335 2234 bea-
1348 2183 1494 2233 Thamm-

121 2247 239 2310 Sl'mffln’
289 2269 307 2292 “
331 2273 428 2322 torum
461 2267 525 2323 Deo
555 2266 777 2339 acceptabilium
815 2271 942 2338 patrum,
974 2267 1051 2322 sicut
1081 2269 1234 2339 praesentis
1268 2268 1335 2322 libri
1348 2248 1494 2298 hemme

120 2315 274 2378 H'R'p'ass'
289 2358 308 2382 “
334 2356 465 2412 continet
496 2362 601 2412 textus.
664 2355 867 2412 Glorilicamus
904 2373 973 2411 sane
1005 2362 1035 2411 et
1065 2357 1218 2412 adoramus
1250 2363 1336 2428 atque
1349 2315 1512 2431 ξὲἓῖῗῖἒοί

289 2447 307 2472 “
332 2463 504 2502 veneramur
526 2445 685 2501 Dominum
708 2450 841 2500 nostrum
872 2443 972 2500 Jesum
996 2443 1156 2512 Christum,
1180 2447 1256 2502 sicut
1287 2446 1337 2502 isti
1352 2449 1460 2514 Synods.

289 2537 307 2560 “
332 2535 578 2606 glorificaverunt,
602 2535 679 2589 nibil
701 2535 839 2589 addentes
853 2534 901 2589 vel
923 2535 1143 2601 subtrahentes,
1166 2541 1196 2591 et
1218 2536 1336 2590 anathe-

289 2625 307 2650 “
332 2625 504 2680 matizamus
527 2623 611 2679 corde
634 2629 664 2679 et
687 2641 736 2679 ore
759 2641 830 2695 quos
853 2623 1172 2680 anathematizaverunt
1205 2624 1338 2696 praedicti

289 2714 308 2738 “
333 2719 440 2785 patres,
476 2713 675 2784 glorificantes
718 2713 813 2768 Deum
847 2711 964 2768 Patrem
997 2711 1236 2785 Omnipotentam
1274 2713 1338 2778 sine

289 2804 307 2828 “
333 2802 428 2868 initio,
452 2808 482 2858 et
515 2802 625 2858 Filium
656 2799 728 2873 Ejus
760 2799 953 2872 Unigenitum
985 2820 1020 2856 ex
1051 2801 1137 2858 Patre
1168 2807 1339 2874 generatum

288 2893 306 2917 “
334 2897 402 2947 ante
434 2893 550 2958 saecula,
578 2897 608 2948 et
631 2890 775 2963 Spiritum
799 2891 939 2947 Sanctum
961 2891 1165 2962 procedentem
1188 2910 1223 2948 ex
1253 2891 1340 2946 Patre

289 2982 307 3006 “
333 2987 363 3036 et
386 2979 462 3036 Filio
485 2980 730 3046 inenarrabiliter,
746 2979 823 3036 sicut
845 2979 1078 3052 proedioaveruut
1099 2979 1142 3047 bi,
1166 2999 1237 3054 quos
1253 2999 1341 3053 supra

288 3071 307 3096 ‘¹
332 3070 567 3136 memoravimus,
592 3069 686 3126 sancti
709 3069 844 3142 Apostoli
876 3075 907 3124 et
938 3067 1102 3141 Prophetae,
1126 3075 1157 3125 et
1179 3071 1338 3135 Doctores;
1364 3108 1369 3117 -

289 3161 307 3186 ‘¹
332 3166 363 3215 et
384 3177 438 3214 nos
472 3159 625 3226 eredimus,
661 3165 779 3231 propter
813 3157 890 3230 qnod
921 3162 951 3213 et
985 3157 1074 3214 locuti
1109 3176 1216 3214 sumus.
1277 3157 1341 3213 Hos

289 3250 307 3274 ‘⁶
333 3247 431 3319 itaque
464 3249 620 3320 praedictos
653 3253 750 3321 patres
782 3265 836 3302 nos
858 3247 906 3320 pie
940 3252 1027 3319 atque
1065 3247 1224 3304 orthodoxe
1255 3245 1341 3318 juxta

289 3340 308 3363 ‘⁴
335 3337 485 3392 Divinitas
507 3337 679 3410 inspiratam
712 3335 875 3392 doctrinam
905 3351 1005 3392 eorum
1039 3337 1172 3408 professi,
1196 3337 1341 3393 credimm

290 3427 308 3452 “
334 3431 500 3482 constanter
522 3431 553 3483 et
575 3427 746 3482 confitemur
769 3425 927 3481 meandum
950 3430 1065 3481 sanctos
1098 3431 1195 3498 patres
1225 3425 1342 3498 proprie

290 3517 309 3542 “
334 3522 364 3571 et
386 3517 528 3572 veraciter
550 3516 667 3571 Patrem
690 3515 852 3571 etlilium
875 3521 905 3570 et
929 3513 1072 3586 Spiritum
1096 3515 1247 3580 Sanctum,
1278 3512 1340 3570 'Pri-

291 3608 309 3631 “
334 3605 457 3660 nitatem
480 3605 511 3660 in
528 3593 671 3662 Unitate⁷
694 3603 980 3669 consubstantialem,
996 3609 1027 3659 et
1049 3603 1201 3660 Unitatem
1225 3604 1256 3658 in
1280 3603 1341 3658 'Ibi-

291 3697 310 3720 “
334 3685 451 3760 nitate‚⁷
473 3695 529 3750 hoo
551 3701 596 3750 est
618 3711 710 3750 uuum
734 3694 828 3749 Deum
851 3693 883 3748 in
905 3693 999 3747 tribus
1033 3693 1256 3748 subsistentibus
1279 3710 1342 3764 per-

291 3787 309 3810 “
335 3784 415 3839 souis
437 3784 734 3840 consubstantialibus
756 3782 877 3854 aqualis
899 3781 1003 3853 gloriae
1027 3787 1058 3836 et
1080 3782 1230 3837 honoris.’'

333 3872 389 3928 His
422 3863 484 3928 ita⁸
506 3864 661 3941 recitatis,
693 3871 880 3937 confirmatis,
905 3867 939 3928 et
964 3862 1189 3938 corroboratis,
1220 3861 1256 3926 in
1279 3861 1344 3926 fide

288 3961 396 4018 reversi
419 3967 489 4018 suut
511 3953 737 4039 unusquisque
760 3961 797 4016 ad
819 3959 946 4033 propria.

324 4203 331 4238 ¹
348 4203 508 4272 appellatur]
528 4211 644 4264 vocatur,
654 4203 688 4254 Α.
700 4203 730 4255 lt.
873 4199 884 4231 ⁸
900 4197 938 4266 et]
958 4199 990 4250 de
1001 4199 1048 4250 irre.
1060 4198 1095 4249 A.
1106 4199 1137 4249 B.
1151 4197 1180 4251 0.
1192 4197 1226 4250 G.

321 4281 554 4349 'Pinclasteicffl
575 4281 741 4345 Piudahaich,
759 4281 790 4332 B.
874 4276 1016 4344 mamm]
1036 4292 1086 4328 om.
1099 4277 1134 4327 A.

288 4361 313 4415 G
875 4355 887 4396 7
907 4355 1011 4408 Uniiaie
1027 4393 1034 4408 .
1052 4393 1083 4408 ..
1104 4353 1244 4422 Triclinia]
1265 4356 1296 4406 B.
1314 4355 1344 4407 C.

321 4442 332 4475 Ι
348 4439 536 4508 inedicibiliter]
554 4438 745 4501 incredibiliter,
756 4439 792 4490 A.
843 4435 876 4488 G.
887 4451 937 4486 om.
948 4435 990 4486 the
1000 4435 1161 4501 interveniug
1172 4435 1260 4484 words.

288 4520 320 4571 Β.
333 4519 363 4572 0.
376 4519 410 4572 D.
422 4518 455 4571 G.
876 4514 957 4582 ⁸ia]
977 4517 1069 4580 itaque,
1080 4517 1116 4566 A.
1128 4515 1161 4565 D.

323 4597 335 4631 ⁴
351 4595 588 4664 retamim]
601 4597 627 4647 A
636 4595 794 4648 iolioisbere

290 4676 406 4740 wanting
417 4675 444 4725 iu
456 4675 487 4725 li.

382 4894 476 4953 Osis.
