3606 5798
396 839 461 904 248
596 855 729 906 numus
751 855 847 905 snou
870 853 1091 928 lucusiano?
1114 855 1228 907 suurn

395 1042 522 1109 solvere
544 1043 635 1120 velit,
658 1043 816 1129 quicquid
850 1043 929 1108 olim
961 1043 1100 1130 dignum
1132 1043 1233 1110 fuisse
1267 1044 1448 1132 deprehen·

395 1146 495 1224 ditur,
511 1152 545 1212 et
567 1147 789 1212 diuturnitate
812 1146 1061 1212 consuetudinis
1086 1151 1121 1212 et
1142 1147 1261 1212 merito
1280 1147 1448 1232 justitiael

394 1247 494 1314 Unde
516 1253 551 1314 et
573 1247 711 1316 concilio
733 1248 892 1314 Toletano
915 1249 959 1312 xi.
983 1248 1146 1335 capitulo:
1169 1259 1366 1332 unnsquisque
1396 1259 1448 1330 qui

394 1345 432 1402 ad
468 1347 575 1418 gradus
606 1346 814 1403 ecclesiasticos
847 1353 891 1402 est
922 1364 1097 1412 accassmm,
1130 1365 1190 1403 non
1223 1351 1292 1403 ante
1328 1348 1447 1404 honoris

395 1437 639 1492 consecrationem
661 1436 795 1508 accipiat,
818 1453 906 1508 quam
936 1436 1038 1508 placiti
1069 1435 1114 1492 sni
1137 1436 1357 1494 innodationem
1382 1455 1447 1510 pro-

395 1525 503 1582 mittat.
550 1517 595 1581 Et
616 1521 704 1584 certe
726 1515 923 1602 Radulphus
946 1520 1098 1602 peccator
1120 1538 1188 1581 non
1210 1518 1329 1583 merito
1351 1539 1448 1604 argu-

396 1619 501 1686 endus
523 1624 574 1686 est
595 1618 736 1706 alicujus
758 1619 912 1696 infamiae,
929 1619 1052 1706 quippe
1075 1622 1133 1706 qui
1149 1619 1348 1686 Christianae
1371 1619 1449 1686 fidei

397 1719 530 1788 vinculo
562 1721 740 1798 detinetur,
774 1725 937 1806 quatenus
972 1722 1116 1788 ecclesiae
1138 1744 1216 1800 suae,
1244 1722 1339 1809 cujus
1372 1722 1450 1787 licet

398 1823 534 1909 indigne
572 1823 717 1909 suscepit
754 1823 924 1910 regimina,
954 1844 1022 1888 non
1061 1819 1182 1891 debeat
1221 1825 1450 1890 excellentiam

400 1924 565 1990 libertatis
597 1925 796 2002 subvertere,
832 1946 932 2011 quam
971 1929 1066 1992 tanto
1104 1932 1252 2012 tempore
1285 1930 1338 1991 tot
1368 1947 1451 2014 prae-

402 2028 583 2094 decessores
606 2028 686 2113 ejus,
709 2027 908 2093 sanctissimi
931 2032 966 2093 et
988 2028 1225 2115 sapientissimi
1248 2029 1323 2106 viri,
1339 2029 1452 2094 volue-

229 2139 390 2193 nereminds
403 2135 483 2194 runt
521 2134 555 2194 et
593 2133 775 2216 potuerunt
812 2127 968 2194 obtinere.
1032 2129 1147 2194 Solent
1185 2130 1273 2194 enim
1309 2129 1453 2194 Romani

230 2210 349 2326 ,²223ssss
402 2229 573 2318 pontifices
603 2229 644 2294 de
667 2229 878 2295 observandis
900 2229 1177 2296 indeclinabiliter
1199 2231 1339 2297 decretis
1361 2237 1453 2296 ante-

230 2339 374 2392 deeroeflof
402 2353 565 2400 cessurum
587 2353 721 2397 suorum
752 2337 830 2398 ante
863 2333 1140 2418 consecrationem
1171 2355 1266 2398 suam
1297 2333 1452 2420 profiteri,

230 2407 370 2524 fflffe'
402 2440 436 2501 et
466 2434 549 2499 mihi
572 2435 746 2520 quisquam
776 2433 899 2498 audeat
921 2435 1090 2521 imponere
1120 2435 1279 2520 quatinus
1309 2435 1452 2502 eeclesiae

230 2539 366 2591 annosae
402 2559 484 2604 mese
515 2536 690 2624 privilegia
706 2535 860 2601 debeam
882 2540 1066 2601 evacuare?
1112 2535 1207 2616 Quod
1235 2537 1263 2600 si
1286 2537 1370 2602 forte
1393 2537 1453 2603 ali·

229 2607 354 2671 ⁰h⁸¹¹⁸⁰⁶⁸
401 2639 496 2726 cujus
519 2638 695 2704 occasionis
727 2637 866 2703 articulo
899 2642 1033 2702 tantum
1060 2637 1153 2702 nefas
1184 2659 1381 2724 praesumam
1403 2644 1454 2705 at-

401 2742 539 2828 tingere,
562 2745 688 2806 certum
720 2746 777 2806 est.
805 2739 894 2826 quod
925 2739 1085 2826 spiritalis
1115 2761 1190 2804 reus
1213 2761 1268 2806 ero
1291 2740 1454 2819 adulterii,

400 2845 480 2930 quia
501 2841 643 2929 primam
665 2841 765 2907 fidem
788 2841 1011 2920 irritamieoi.
1058 2841 1149 2908 Hinc
1172 2841 1315 2928 profecto
1330 2843 1455 2909 Beatus

307 2987 311 2993 ,
402 2945 579 3031 Gregorius
605 2943 721 3008 scribit
752 2943 820 3008 ita:
847 2952 964 3008 ‘Grave
995 2951 1105 3018 nimis,’
1130 2943 1250 3029 inquit,
1271 2954 1320 3009 ‘et
1353 2960 1456 3010 contre

403 3046 410 3069 ‘
435 3043 611 3100 sacerdotale
634 3047 748 3098 constat
774 3059 835 3097 esse
857 3041 1049 3114 propositum,
1074 3042 1149 3098 velle
1172 3039 1344 3114 cujusquam
1365 3045 1453 3100 eccle-

403 3135 410 3159 ‘
435 3134 486 3188 sim
521 3131 675 3204 privilegia
706 3131 777 3186 olim
808 3130 925 3188 indulta
955 3131 1152 3188 confundere!
1214 3122 1311 3202 Quod
1342 3129 1453 3189 aulem

401 3234 463 3278 nec
484 3212 549 3298 ipsi
572 3232 700 3275 summo
723 3210 874 3296 pontifici
896 3211 995 3275 liceat
1017 3210 1207 3276 sanctolum
1230 3217 1364 3298 patrum
1386 3218 1455 3278 tra-

400 3315 582 3380 ditionibus
611 3314 781 3392 contraire,
805 3313 955 3379 Zosimus
978 3335 1064 3400 papa
1085 3315 1133 3380 sic
1162 3319 1323 3380 testatur:
1347 3325 1456 3382 Contra
1468 3334 1585 3386 Gmtuni

401 3419 520 3478 statuta,
543 3402 663 3488 inquit,
691 3417 809 3484 patrum
840 3412 952 3484 aliquid
983 3413 1139 3469 concedere
1164 3413 1212 3468 vel
1243 3419 1367 3482 mutere,
1401 3434 1455 3472 nec
1467 3401 1614 3461 Decfwffl·
1796 3403 1797 3466 l

400 3501 487 3574 hujus
511 3501 628 3574 quidem
651 3501 727 3557 sedis
749 3507 845 3573 potest
867 3501 1033 3557 auotoritas.
1467 3483 1622 3596 ffifm

444 3593 577 3658 Viderit
609 3591 713 3679 igitur
746 3591 946 3678 Apostolicae
983 3593 1070 3658 sedis
1108 3615 1236 3660 summa
1269 3595 1553 3680 prudentiamne„
1566 3601 1584 3650 i.
1796 3591 1797 3598 ’

304 3685 307 3694 ’
394 3699 528 3780 ,quanta
558 3692 791 3760 benevolentia
822 3693 975 3759 veritatis
1007 3695 1100 3781 digmi
1131 3701 1219 3773 sunt,
1242 3717 1382 3782 quorum
1404 3719 1456 3762 as-

401 3796 491 3861 tutia
524 3799 559 3860 et
596 3794 761 3860 delatione
794 3800 907 3860 vestra
938 3795 1114 3860 adversum
1151 3819 1211 3862 nos
1249 3797 1454 3884 ingratitudo

401 3897 579 3974 convaluit,
603 3895 762 3981 quatinus
792 3897 833 3962 de
865 3895 1108 3962 censecratione
1131 3897 1256 3962 domini
1279 3899 1344 3964 mei
1368 3899 1453 3965 Ebc

401 3999 544 4066 recensis
578 3998 720 4085 episcopi
754 3997 948 4084 dignaretur
970 3999 1123 4086 incipere,
1146 4000 1235 4085 quod
1265 4021 1363 4068 nemo
1395 4023 1454 4087 per

402 4107 456 4168 tot
488 4107 638 4188 tempora
670 4101 944 4186 predecessorum
977 4106 1162 4166 vestrorum
1197 4105 1369 4169 consuevit
1399 4103 1454 4170 vel

234 4201 521 4268 fledesenmsaltem
543 4201 733 4280 inchoavit3
754 4205 789 4268 et
811 4206 943 4267 avertat
965 4201 1056 4266 Deus
1080 4224 1121 4267 ne
1144 4201 1311 4287 majestati
1334 4209 1453 4272 vestrae

233 4277 380 4394 fflff
405 4308 557 4388 surrepat
586 4303 718 4368 illorum
750 4301 886 4381 invidia,
910 4304 967 4386 qui
990 4303 1144 4369 malivole
1168 4304 1284 4369 dicunt
1307 4305 1454 4373 Oantua·

236 4409 369 4486 oungwf
404 4405 489 4469 riam
523 4409 637 4470 contra
667 4425 727 4469 vos
764 4403 957 4490 transgredi,
992 4405 1079 4490 quia,
1107 4405 1208 4490 juxta
1241 4413 1453 4492 paternarum

234 4475 333 4592 {iffi
404 4505 653 4570 institutionum
685 4507 850 4584 terminos,
868 4506 960 4592 juste
982 4507 1089 4594 exigit
1122 4507 1305 4594 legitimam
1328 4510 1454 4597 subjec-

405 4608 530 4673 tionem
568 4605 781 4672 Eboracensis
819 4609 970 4695 episcopi.
1033 4609 1165 4686 Errant,
1196 4609 1342 4695 inquam,
1375 4613 1455 4698 quia

404 4709 466 4777 hoc
482 4709 663 4775 Cantuaria
684 4711 825 4776 meruit:
849 4709 919 4791 hoc,
942 4711 1035 4777 salva
1050 4711 1281 4798 benevolentia
1295 4713 1454 4782 Romanae
