3410 5840
88 2336 204 2394 lladrner,

87 2419 110 2464 p.
124 2407 163 2450 20.

663 909 711 960 sr.
735 906 884 958 osweno.
1236 891 1298 952 505

248 1101 385 1186 rogavit.
432 1097 525 1166 Tune
549 1097 713 1164 Ailwinus
749 1097 894 1184 digitum
918 1092 1410 1160 virimanui¹haercnni1wm

251 1207 317 1266 tem
365 1203 480 1280 erexit,
519 1207 553 1268 et
592 1203 636 1268 ed
674 1201 827 1277 insulam,
864 1205 903 1264 ut
942 1197 1060 1290 potuit,
1100 1197 1298 1284 properavit.

1313 1169 1403 1229 begins
1414 1185 1429 1218 a

1313 1233 1402 1298 clmpel
1414 1241 1440 1286 at

252 1305 400 1390 (lemque
433 1306 469 1369 in
503 1303 645 1369 insulam
669 1303 887 1389 ingressusa
918 1320 978 1368 suo
1010 1301 1123 1366 morbo
1157 1298 1299 1385 perlecta
1314 1301 1431 1366 lramsey.

250 1415 383 1472 curatus
417 1405 541 1484 fuisset,
554 1389 680 1471 ¹taurus
704 1406 744 1470 de
767 1403 875 1468 medio
897 1401 1091 1468 animalium
1115 1423 1299 1488 emergens,

251 1513 372 1574 terram
411 1509 493 1595 pede
531 1507 744 1594 percutiendo
791 1505 898 1572 locum
936 1505 1051 1572 alteris
1090 1505 1301 1572 construendi

251 1611 424 1676 Divinitas
462 1611 672 1697 simplicant.
735 1609 852 1676 Comes
891 1627 968 1694 ergo
1005 1607 1114 1673 Deum
1153 1607 1301 1686 laudans,
1315 1607 1409 1658 tvhr'ch

251 1713 424 1780 confestim
472 1714 636 1779 truncatis
674 1708 774 1798 lignis
823 1709 982 1798 capellam
1020 1711 1068 1774 ibi
1106 1711 1301 1777 construxit.
1315 1675 1442 1792 &iffi

253 1816 284 1878 N
288 1835 330 1879 on
353 1815 562 1880 multavere
597 1817 681 1900 post,
704 1814 824 1878 comite
848 1811 995 1878 Ailwino
1018 1811 1145 1898 amplas
1165 1833 1302 1900 'posses
1316 1815 1468 1872 monastery.

252 1918 359 1982 aiones
383 1917 592 1992 concedente,
621 1917 765 1982 Sanetus
793 1915 967 1981 Oswaldus
999 1913 1086 1978 infre
1118 1915 1303 2002 quinquen-

252 2021 345 2084 nium
369 2017 550 2086 aedifieavit
579 2017 710 2105 insigne
741 2017 865 2082 ibidem
889 2018 1135 2096 monasterium,
1159 2025 1193 2083 et
1216 2039 1303 2084 anno

254 2121 390 2186 Domini
413 2121 665 2207 nongentesimo
688 2119 933 2206 septuagesimo
957 2125 1076 2205 quarto
1099 2119 1304 2186 sollemniter

255 2223 432 2300 dedicavit,
457 2221 650 2287 Ednothum
674 2221 888 2288 monachum²
910 2223 1066 2288 abbatem
1090 2225 1273 2289 constituit.

300 2329 329 2395 7.
354 2327 416 2392 Per
439 2327 526 2392 idem
534 2333 675 2412 *tempus
691 2335 863 2391 arroteritote
879 2335 1001 2391 Joannis
1024 2347 1119 2414 papa}
1135 2337 1304 2393 Dnnstmrus
1319 2345 1388 2407 l'ope

256 2427 498 2498 archiepiscopus,
528 2431 630 2505 coacto
662 2425 791 2496 generali
826 2425 959 2491 concilio,
983 2428 1087 2481 statuit
1109 2423 1143 2483 et
1175 2419 1305 2484 decreto
1318 2411 1411 2526 gilfil

255 2507 410 2584 firmavit,
434 2521 467 2570 ut
490 2517 622 2572 cononici
644 2533 754 2581 omnes,
790 2517 960 2587 presbytori,
991 2503 1113 2584 diaconi,
1138 2517 1304 2572 subdiaconi
1319 2493 1418 2609 affl,

256 2612 308 2662 aut
337 2612 415 2661 ceste
437 2607 580 2672 viverent,
604 2611 656 2660 aut
677 2605 811 2661 ecclesias
834 2621 905 2676 quas
929 2605 1066 2660 tenebant
1088 2597 1304 2662 dimitterent.
1319 2609 1426 2659 married

257 2696 391 2752 Habebat
423 2702 519 2751 autem
557 2713 656 2766 regem
688 2695 837 2765 Edgarnm
875 2696 905 2750 in
944 2696 999 2751 hoo
1036 2697 1154 2766 negotio
1192 2697 1307 2752 fidelem
1319 2678 1420 2791 ⁰*ssss
1460 2743 1476 2790 d

257 2775 451 2860 adjutorem,
485 2789 514 2840 et
545 2785 660 2840 firmum
693 2785 882 2840 defensorem.
943 2785 1041 2857 Hujus
1072 2775 1160 2840 enim
1199 2787 1306 2841 decreti
1320 2743 1460 2859 ml&

259 2867 412 2931 executio
461 2875 593 2931 Oswaldo
635 2875 831 2944 Wigorniensi
872 2873 1016 2945 episcope,
1055 2881 1085 2932 ct
1124 2875 1305 2930 Etlrclu'oldo
1320 2891 1393 2941 carry
1407 2875 1425 2925 ir

259 2964 455 3020 Wintonionsi
478 2955 629 3041 episcopo
652 2955 825 3020 commissa
849 2959 905 3020 est.
947 2965 1052 3020 Beatus
1068 2975 1143 3042 ergo
1160 2951 1374 3021 oswaldusffll·

259 3061 369 3126 septem
392 3054 568 3109 monasteria
591 3055 621 3109 in
645 3071 697 3110 sna
720 3051 848 3118 dioecesi,
872 3051 972 3124 ejectis
996 3055 1108 3110 clericis
1131 3045 1310 3110 insolenter

259 3133 460 3211 viventibus,
484 3133 679 3212 construxit,
704 3139 738 3199 et
763 3131 941 3200 monachos
964 3133 1161 3212 introduxit,
1186 3141 1221 3202 ct
1252 3135 1309 3200 ab·

258 3235 352 3301 botes
376 3235 422 3300 eis
446 3235 603 3322 praefecit.

304 3329 332 3390 8.
357 3326 489 3392 Interea
512 3325 613 3392 abbas
630 3323 831 3390 Persorensis
848 3347 945 3410 quem
962 3325 1163 3402 instituerat,
1178 3329 1311 3393 nomine
1323 3323 1412 3438 35ng

259 3429 469 3507 rudbertus-³
491 3430 718 3515 morigeratus,
734 3435 768 3492 et
791 3427 922 3492 fervens
938 3428 1106 3514 religionis
1122 3431 1311 3496 monasticae
1324 3407 1387 3504 ala,
1399 3397 1463 3504 slolm

259 3519 390 3597 zelator,
413 3527 463 3584 sod
485 3527 516 3582 iu
551 3527 690 3592 subditos,
714 3526 791 3598 quod
815 3525 898 3581 valde
931 3527 960 3580 in
984 3545 1018 3581 co
1040 3527 1310 3599 reprehendebatur,
1325 3523 1366 3573 the
1378 3524 1450 3572 ‹lead-

260 3617 359 3672 nimias
374 3624 405 3672 et
420 3615 583 3672 indiscretae
606 3617 768 3672 severitatis
792 3605 866 3670 fuit.
906 3616 936 3669 Is
951 3616 988 3670 ad
1003 3623 1131 3672 extrema
1146 3619 1310 3688 perductus,

260 3713 290 3761 et
313 3706 382 3760 huic
403 3708 473 3776 vitae
496 3697 640 3772 sublatus,
665 3702 699 3760 et
732 3705 762 3758 in
796 3705 902 3759 feretro
925 3705 1044 3770 locatus,
1069 3712 1183 3778 recepto
1207 3708 1312 3779 spiritu

262 3795 473 3866 trepidantibus
495 3797 607 3850 cunctis
630 3795 722 3849 crexit
745 3812 785 3860 se,
809 3785 930 3861 dicens,
953 3813 970 3849 a
993 3793 1077 3850 beato
1100 3797 1256 3852 Benedicto
1281 3797 1311 3850 in

261 3886 401 3938 visionem
435 3876 490 3938 Dei
525 3903 554 3938 se
589 3885 759 3956 perductam
795 3883 891 3948 fnisse,
924 3891 954 3938 et
987 3883 1079 3940 Deum
1112 3904 1164 3940 sua
1195 3893 1312 3958 peccata

261 3975 372 4030 meritis
395 3973 541 4030 dilectoris
558 3974 609 4030 Sui
633 3973 758 4030 Oswaldi
775 3971 939 4038 indulsisse,
955 3977 1041 4045 atquo
1056 3975 1094 4030 ad
1117 3976 1312 4030 intimandum

262 4065 445 4119 sanctitatem
469 4053 539 4138 ejus
563 4081 593 4118 se
615 4065 752 4118 revixisse
775 4053 925 4118 asseruit.
972 4063 1034 4132 Quo
1057 4063 1136 4120 dicto
1159 4066 1310 4129 conticuit,

262 4159 291 4209 et
313 4159 429 4224 accepto
452 4153 558 4208 viatico
589 4153 734 4208 Dominioi
768 4153 895 4224 corporis
929 4153 1082 4208 dimidium
1106 4155 1182 4210 diem
1213 4173 1312 4228 sapor-

262 4243 347 4310 vixit,
371 4239 406 4298 et
427 4243 519 4297 vitam
543 4242 624 4297 obita
647 4241 751 4297 iterato
774 4241 880 4297 linivit.

308 4325 336 4388 9.
360 4333 396 4388 In
412 4333 477 4388 aliis
493 4323 580 4388 enim
596 4331 714 4403 Angliae
738 4329 867 4403 partibus
890 4333 1018 4403 insigues
1040 4333 1173 4388 ccclesias
1188 4335 1225 4388 ob
1242 4351 1312 4405 pras·
1326 4331 1430 4408 Menas·

263 4423 350 4477 lixom
374 4439 489 4477 causam
512 4422 624 4477 clericis
647 4421 808 4486 evacuarit,
831 4427 861 4477 et
882 4441 931 4478 eas
953 4421 1024 4476 viris
1048 4423 1214 4478 monasticas
1238 4413 1314 4478 1·cll-
1325 4405 1402 4446 ΜΒ
1410 4405 1474 4448 ⁰⁸⁰¹*

260 4503 368 4590 gionis
399 4509 577 4578 sublimavit,
608 4523 747 4588 quorum
781 4501 851 4567 haec
882 4503 1016 4567 nomina
1047 4509 1126 4568 sunt
1138 4528 1145 4586 ς
1180 4465 1484 4594 eoelesiaElmffilssl,

299 4752 306 4783 ¹
326 4751 423 4815 aranei]
444 4749 469 4799 in
480 4765 568 4808 manu,
581 4749 615 4799 A.
846 4749 856 4780 ³
875 4748 1033 4818 Fudbertae]
1055 4751 1259 4816 sorebarnae.

296 4831 307 4862 ²
323 4827 478 4894 auratam]
498 4843 572 4878 suum
584 4829 630 4878 ins.
642 4829 676 4878 A.
