3410 5840
396 899 460 966 538
818 918 1006 968 arrasum.

392 1099 473 1166 feria
496 1101 623 1187 quinta,
647 1105 735 1189 quod
758 1106 875 1171 tumba
896 1105 1029 1192 gloriosi
1054 1105 1256 1172 Confessoris
1288 1108 1438 1193 praedicti

393 1202 456 1266 olei
478 1205 649 1270 resudavit
671 1205 840 1292 liquorem,
855 1208 1043 1274 antidotum
1066 1208 1110 1274 ad
1133 1209 1337 1274 diversorum
1359 1231 1442 1274 mor-

392 1305 508 1369 borum
530 1327 650 1392 genera
674 1309 865 1400 pretiosum.
913 1308 1009 1389 Quod
1043 1329 1163 1376 cuma
1193 1310 1347 1374 fidelibus
1381 1311 1442 1375 cir·

393 1408 635 1472 cumstantibus
667 1414 703 1473 et
735 1409 858 1474 ibidem
890 1411 1089 1495 quibusdam
1123 1431 1223 1476 eausa
1244 1413 1362 1476 orandi
1390 1411 1441 1496 ja·

392 1508 543 1572 centibus
565 1510 744 1594 majoribus
776 1511 880 1595 ipsius
914 1511 1058 1578 ecclesiae
1091 1511 1210 1576 fuisset
1240 1513 1439 1578 nuntiatum.

392 1609 442 1674 illi
467 1631 534 1696 prae
565 1611 670 1676 nimia
698 1612 803 1697 ipsius
836 1613 973 1698 liquoris
996 1611 1155 1691 claritate,
1186 1615 1215 1677 si
1240 1635 1354 1680 veram
1377 1616 1436 1679 olei

330 1787 335 1794 Ι
393 1713 614 1778 substantiam
644 1715 875 1800 praetendisset
904 1715 1111 1782 haesitarunt.
1156 1716 1235 1802 Ipso
1257 1716 1370 1802 itaque
1386 1717 1443 1782 bo·

393 1814 499 1880 nitate
511 1815 587 1902 (sic)
611 1815 755 1892 collecto,
777 1815 901 1882 lichino
916 1817 994 1881 inde
1010 1815 1097 1882 facto
1121 1821 1156 1880 et
1177 1819 1323 1894 accenso,
1345 1819 1441 1882 mira·

393 1917 475 1982 biles
498 1919 640 1984 flammae
677 1919 755 1982 inde
787 1918 1008 2002 procedentes,
1041 1937 1080 1984 ac
1112 1919 1141 1981 si
1173 1917 1283 1983 oleum
1317 1919 1440 1994 fuisset,

395 2041 569 2086 commune
602 2020 724 2084 mirum
746 2020 956 2085 cernentibus
979 2019 1176 2086 intulerunt.
1222 2020 1317 2086 'l'unc
1348 2042 1440 2088 voces

394 2123 578 2189 audiuntur
612 2122 833 2208 psallentium,
867 2143 906 2188 ac
942 2141 1177 2208 campanarum
1216 2122 1345 2188 sonitus
1389 2144 1445 2209 per

395 2225 574 2291 civitatem.
622 2224 781 2310 Undique
815 2225 878 2289 iste
912 2244 1025 2290 rumor
1062 2223 1292 2310 expanditur·
1320 2223 1442 2292 Audito

394 2327 516 2412 itaque,
540 2329 580 2388 ut
610 2325 737 2390 dictum
761 2331 819 2402 est,
842 2346 902 2411 per
924 2325 1097 2394 civitatem
1119 2330 1189 2390 tam
1227 2325 1444 2401 desiderabili,

393 2429 471 2496 licet
494 2427 591 2493 solito
623 2433 737 2493 sancto
760 2428 833 2505 Dei,
857 2426 1024 2504 miraculo,
1046 2425 1158 2492 fideles
1186 2426 1312 2492 diversi
1343 2427 1399 2512 qni
1421 2447 1442 2493 a

394 2531 608 2616 languoribus
638 2530 846 2608 tenebantur,
877 2535 947 2595 tam
979 2549 1038 2614 per
1061 2529 1165 2614 ipsius
1189 2529 1261 2609 {olei
1285 2529 1447 2595 inunctio·

394 2656 480 2713 nem,
504 2655 604 2720 quam
627 2655 686 2719 per
708 2632 855 2717 ejusdem
878 2632 984 2698 sancti
1008 2630 1209 2698 Confessoris
1232 2631 1335 2698 solam
1357 2634 1449 2697 invo-

395 2737 569 2812 cationem,
594 2735 708 2800 eodem
724 2735 785 2811 die,
802 2733 934 2799 Christo
957 2733 1128 2822 largiente,
1144 2733 1300 2800 sanitatis
1322 2735 1446 2821 gaudia

396 2839 540 2925 recipere
563 2840 764 2903 meruerrmt.

442 2943 495 3007 35.
518 2939 622 3005 Aliud
646 2959 776 3025 quoque
792 2938 988 3004 miraculum
1010 2937 1135 3004 factum
1158 2937 1282 3004 ibidem
1304 2937 1449 3004 vidimus

318 3074 343 3106 rs
396 3044 433 3108 in
456 3044 600 3128 quodam
624 3041 819 3128 paralytico,
835 3039 1004 3105 Willelmo
1026 3039 1143 3106 clerico
1166 3039 1206 3104 de
1228 3039 1448 3126 Weshburgh,

315 3207 330 3239 0
396 3145 454 3230 qui
477 3151 547 3208 tam
571 3143 629 3206 diu
652 3149 687 3208 et
708 3142 840 3207 fortiter
862 3141 905 3206 ab
927 3140 1085 3208 umbilico
1111 3140 1248 3206 inferius
1271 3141 1451 3208 universali

243 3273 287 3306 ara
315 3256 349 3305 sis
396 3243 542 3332 paralysi
564 3265 737 3330 percussus
760 3249 840 3320 erat,
864 3243 952 3330 quod
973 3263 1033 3310 nec
1056 3241 1129 3328 ipsa
1150 3243 1298 3308 membra
1320 3263 1451 3308 movere

396 3351 535 3433 poterat,
568 3365 630 3410 nec
661 3345 762 3409 etiam
793 3345 860 3408 nisi
891 3343 1057 3410 modicum
1089 3345 1221 3411 sentire.
1268 3343 1334 3426 Qui
1353 3345 1449 3410 ’dum

395 3469 483 3514 anno
520 3447 656 3514 Domini
694 3447 799 3512 nostri
837 3445 1013 3512 millesimo
1053 3447 1283 3512 trecentesimo
1326 3446 1452 3514 decimo

396 3555 514 3618 octavo
537 3555 609 3615 tota
631 3553 726 3614 nocte
750 3549 838 3613 diem
870 3547 975 3634 ipsius
999 3545 1115 3614 Sancti
1137 3545 1298 3611 Willelmi
1328 3567 1448 3633 prace-

396 3653 496 3717 dente
525 3651 568 3716 ad
599 3648 766 3714 tumulum
800 3647 966 3735 vigilaret,
999 3669 1113 3734 sopore
1146 3647 1287 3733 parvulo
1320 3648 1451 3713 deditus

396 3753 462 3818 fuit
483 3753 520 3817 in
542 3771 668 3817 aurora.
715 3750 768 3828 Et,
791 3756 882 3816 eece!
913 3749 973 3814 lux
985 3749 1028 3836 (2)
1052 3749 1302 3827 inaestimabilis,
1326 3755 1365 3814 ut
1387 3749 1452 3814 sibi

395 3855 506 3919 visum
530 3858 589 3930 est,
612 3851 734 3918 tumuli
760 3851 902 3936 replevit
924 3851 1035 3937 ipsum
1057 3851 1186 3917 locum:
1215 3849 1274 3936 qui
1296 3853 1451 3936 perterri-

397 3963 460 4034 tus,
485 3962 519 4021 et
541 3977 562 4020 a
596 3975 709 4040 sopore
742 3953 856 4018 taliter
879 3953 1053 4030 excitatus,
1085 3953 1188 4038 coepit
1221 3953 1278 4032 ire,
1312 3954 1450 4020 sanitati

397 4059 494 4146 plene
516 4057 700 4123 restitutus

264 4191 287 4224 w
329 4191 361 4224 an
443 4165 494 4230 36.
520 4161 616 4225 Istud
632 4179 762 4244 quoque
784 4162 919 4223 nonest
942 4156 1003 4221 sub
1019 4155 1152 4222 silentio
1174 4157 1451 4241 praetereundum,

342 4307 369 4356 ᾖ
397 4264 485 4350 quod
507 4283 595 4330 anno
617 4262 734 4348 gratiae
757 4273 809 4326 na
833 4259 1063 4326 trecentesimo
1086 4257 1212 4324 decimo
1236 4277 1332 4335 nono,
1355 4262 1451 4324 nocte

248 4389 265 4422 1¹
286 4373 361 4449 on
396 4367 549 4453 proxima
571 4367 729 4448 sequente
751 4361 839 4426 diem
871 4358 975 4447 ipsius
1006 4357 1141 4446 gloriosi
1165 4357 1375 4438 Confessoris,
1399 4379 1452 4426 ao·

228 4454 273 4488 ΕΜ
295 4455 342 4554 ,ω
397 4469 487 4546 cidit,
512 4467 600 4553 quod
624 4466 725 4531 etiam
748 4463 851 4530 oculis
873 4462 996 4528 nostris
1026 4461 1179 4538 vidimus,
1203 4465 1238 4526 et
1259 4461 1382 4526 nostris
1414 4461 1451 4526 in

397 4570 540 4635 Domino
563 4568 687 4653 linguis
710 4569 916 4632 attestamur.
962 4561 1065 4629 Venit
1096 4561 1260 4649 siquidem
1292 4583 1331 4628 eo
1365 4568 1451 4628 tem-

267 4707 273 4716 ·
395 4691 475 4758 pore
510 4669 693 4736 Eboracum
726 4667 877 4752 quaedam
911 4664 1030 4731 mulier
1064 4663 1105 4729 de
1136 4663 1287 4750 partibus
1319 4663 1450 4752 Angliae

323 4819 328 4828 ·
396 4772 605 4852 australibus,
644 4769 800 4838 videlicet
838 4769 879 4834 de
916 4766 998 4834 villa
1040 4787 1114 4854 quae
1156 4766 1279 4838 dicitm
1321 4765 1452 4835 Beooles
