3410 5840
371 891 437 956 526
797 900 982 974 arrnrms

200 1097 345 1150 Heisoon-
414 1100 512 1155 His·
504 1103 560 1171 igit
561 1119 596 1156 ur
619 1093 726 1156 causis
749 1093 993 1158 consecratio
965 1117 994 1178 ej
998 1115 1036 1158 us
980 1115 1117 1181 Jper
1136 1094 1294 1212 plurimos
1318 1115 1422 1158 annos

199 1167 355 1297 ῗξξζῗζοζῐ
369 1195 545 1260 dilatat
495 1203 552 1260 est.
600 1196 747 1260 Tandem
771 1219 850 1261 vero
873 1197 999 1262 Divina
1026 1199 1250 1263 clementia
1223 1221 1293 1284 ejus
1316 1199 1422 1264 tribu·
1455 1270 1458 1275 ,

200 1299 278 1350 linus
291 1300 327 1349 11
368 1295 524 1360 lationem
549 1297 735 1373 miserante,
766 1298 801 1362 in
826 1299 966 1414 quodam
991 1321 1110 1385 magno
1142 1300 1278 1364 concilio
1310 1299 1423 1364 Remis

368 1397 530 1464 celebrato
562 1419 582 1462 a
616 1398 793 1465 laudabilis
827 1402 992 1466 memoriae
1025 1401 1096 1466 viro
1129 1401 1261 1467 (lalixto
1294 1423 1422 1466 summo

368 1501 531 1585 pontifice,
555 1501 678 1588 absque
709 1504 799 1567 omni
826 1504 1026 1589 professione
1049 1505 1298 1570 Cantuariensis
1320 1505 1420 1571 eecle-

368 1605 425 1668 siae
464 1611 498 1668 et
536 1626 608 1670 cum
650 1605 753 1670 libero
793 1605 895 1691 pallio
932 1607 1166 1692 gloriosissime
1205 1613 1419 1672 consecratur.

369 1705 505 1785 Deinde,
531 1707 644 1774 eodem
668 1730 755 1794 papa
781 1709 1015 1786 intercedente,
1039 1709 1184 1776 Hearico
1216 1711 1284 1796 regi
1308 1731 1419 1776 recon-

367 1809 506 1884 ciliatus,
531 1831 606 1874 eum
638 1811 742 1876 libero
775 1810 884 1896 pallio,
911 1813 999 1897 quod
1033 1813 1146 1898 paucis
1178 1817 1420 1878 antecessorum

367 1933 498 1976 suorum
524 1913 672 2000 contigit,
696 1921 731 1978 et
757 1935 832 1977 cum
864 1935 983 2000 magno
1006 1915 1129 1980 honore
1152 1915 1195 1980 ad
1228 1937 1330 1992 suam,
1358 1916 1421 1982 hoc

367 2019 418 2078 est
442 2013 687 2092 Eboraeensem,
712 2015 878 2080 ecclesiam
899 2015 1007 2080 rediit.
1055 2017 1184 2082 Attulit
1207 2039 1337 2103 quoque
1370 2041 1420 2083 se-

367 2136 441 2181 cum
480 2116 654 2202 privilegia
692 2118 728 2180 in
766 2115 886 2202 quibus
918 2117 1080 2203 dompnus
1115 2119 1325 2205 apostolicus
1358 2121 1421 2185 sub

366 2217 578 2284 anathemate
602 2217 757 2304 prohibet
788 2241 829 2283 ne
865 2218 1116 2286 Cantnariensis
1147 2223 1190 2288 ab
1223 2222 1420 2288 Eboracensi

366 2321 510 2406 amplius
541 2321 663 2408 exigat,
686 2321 740 2385 vel
764 2319 979 2386 Eboracensis
1016 2322 1245 2389 Cantuariensi
1278 2323 1420 2411 amplius

368 2422 599 2511 professionem
623 2423 732 2501 faciat,
757 2429 791 2488 et
822 2444 864 2487 ne
887 2423 929 2488 ab
956 2425 1068 2510 aliqua
1091 2427 1174 2492 laica
1204 2429 1343 2513 persona
1376 2429 1419 2492 ad

366 2527 428 2590 hoc
452 2531 593 2611 cogatur.

412 2627 559 2692 Tandem
583 2649 661 2692 vero
685 2635 832 2693 cessante
855 2629 1096 2694 adversitatum
1128 2631 1337 2697 immanitate
1368 2639 1418 2698 at-

367 2752 430 2814 que
453 2731 619 2810 arridente
643 2732 732 2815 pacis
757 2733 944 2808 serenitate,
961 2731 1083 2797 clerum
1106 2754 1144 2797 ac
1166 2733 1324 2818 populum
1355 2736 1418 2800 sibi

366 2833 576 2898 commissum
615 2833 792 2919 diligenter
826 2837 1001 2911 instruens,
1031 2833 1257 2900 ecclesiasticae
1291 2836 1418 2902 distric-

367 2936 468 3000 tionis
497 2937 631 3022 negotia
669 2957 743 3000 cnm
781 2959 902 3023 magna
939 2937 1100 3002 instantia
1136 2959 1286 3002 exercere
1310 2941 1416 3024 coepit.
1453 2941 1456 2944 ’

198 3031 309 3146 Hgle
368 3037 545 3103 Ecclesiam
570 3061 700 3124 quoqne
724 3061 827 3118 suam,
850 3040 912 3105 hoc
936 3047 986 3104 est
1005 3039 1251 3118 Eboracensem‚
1276 3048 1344 3106 tarn
1368 3065 1418 3106 re-

196 3113 320 3216 deredndde
367 3141 543 3224 liquiarum
579 3161 678 3224 quam
713 3139 872 3206 librorum
906 3147 941 3206 et
973 3147 1240 3208 ornamentorum
1275 3144 1419 3208 donariis

199 3229 307 3280 diocese.
365 3241 517 3327 plurimis
539 3242 686 3306 honoras
689 3243 767 3306 rte
753 3243 914 3307 tditavit.
962 3243 1124 3307 Praeterea
1140 3243 1267 3328 reliqua
1289 3267 1418 3310 monas·

365 3344 455 3419 teria,
480 3341 599 3426 quibus
633 3351 782 3428 praeerat,
822 3345 924 3408 variis
947 3351 1120 3410 ornament
1122 3346 1202 3410 ise
1204 3347 1417 3412 tbeneficiis

364 3443 583 3528 multiplicare
622 3447 818 3528 procuravit.
878 3445 971 3510 Inter
1006 3465 1080 3531 quae
1118 3447 1417 3533 Hagnstaldensem

365 3546 532 3611 ecclesiam
556 3546 743 3632 specialiter
766 3546 896 3622 dilexit,
921 3547 1008 3612 unde
1040 3569 1106 3612 non
1129 3548 1234 3612 solum
1260 3551 1418 3635 pretiosas

364 3647 520 3732 reliquias
543 3653 577 3711 et
599 3649 758 3733 quasdam
782 3655 886 3713 terras
910 3655 944 3714 et
967 3649 1054 3714 bona
1077 3656 1111 3714 et
1143 3651 1287 3735 plurima
1318 3651 1416 3718 eccle·

366 3749 498 3814 siastica
520 3754 663 3814 scemata
685 3771 758 3814 cum
783 3750 897 3814 multis
925 3750 1000 3813 aliis
1032 3751 1207 3842 beneficiis,
1231 3752 1289 3816 sed
1312 3756 1419 3818 etin-

365 3872 464 3936 super
485 3875 574 3914 unam
597 3859 806 3931 praebendam
797 3879 828 3914 m
850 3861 971 3915 ecclesia
988 3847 1102 3917 Sancti
1126 3852 1213 3917 Pet
1172 3859 1216 3916 trr
1244 3865 1418 3920 Eboracensi
1431 3880 1488 3930 mc
1500 3883 1535 3930 os

365 3950 397 4004 in
421 3955 590 4022 perpetuam
612 3949 800 4005 elemosinam
831 3941 881 4004 illi
905 3941 1048 4006 ecclesiae
1069 3947 1105 4006 et
1128 3945 1293 4008 canonicis
1321 3945 1357 4008 in
1380 3948 1568 4010 eaHexhnm,

365 4041 651 4127 perseverantibus
674 4041 820 4108 donavit.
1431 4030 1452 4064 ⁰
1468 4019 1508 4065 ¹¹⁸

411 4145 508 4208 Anno
531 4147 642 4208 autem
678 4144 860 4210 Dominicae
892 4145 1129 4210 incarnationis
1161 4157 1361 4237 M⁰c⁰xxx11?,
1383 4155 1419 4214 et

364 4245 663 4332 archiepiscopatus
702 4249 752 4311 sui
788 4257 824 4310 ιιο
826 4269 847 4310 v
911 4247 1048 4326 ,hand
1086 4250 1197 4334 procul
1237 4273 1258 4316 a
1296 4251 1418 4338 Ripun‚

365 4349 528 4432 quoddam
553 4349 662 4414 nobile
693 4350 888 4427 coenobium
914 4351 1003 4434 quod
1026 4351 1148 4416 Fontes
1171 4359 1319 4433 vocatur,
1343 4353 1417 4419 fun-

193 4459 334 4510 Founraius
364 4449 466 4514 davit.
513 4450 577 4514 Oui
610 4452 775 4534 quendam
807 4452 995 4528 Ricardum,
1019 4474 1149 4539 magnae
1184 4455 1359 4539 probitatis
1383 4463 1418 4522 et

194 4528 288 4660 {233}
363 4552 550 4617 sanctitatis
574 4553 693 4630 virum,
716 4555 808 4618 etin
831 4557 932 4620 sacris
962 4556 1067 4620 literis
1091 4557 1359 4637 eruditissimum,
1384 4567 1418 4626 et

362 4654 398 4718 in
421 4655 527 4718 causis
543 4654 770 4720 ecclesiasticis
785 4659 1059 4734 strenuissimum,
1077 4659 1231 4724 abbatem
1254 4663 1411 4748 praefecit.

363 4755 429 4822 Hic
462 4777 537 4820 cum
569 4757 605 4820 in
639 4758 775 4826 abbatia
813 4759 943 4828 Sanctae
983 4760 1096 4831 Mariae
1136 4761 1270 4831 Eborac’
1309 4764 1416 4834 multo
