3582 5798
675 881 833 931 rucroaa
856 879 995 930 seuero.
1321 867 1364 932 89

308 1067 396 1155 quod
430 1067 556 1133 flebunt
590 1069 648 1154 qui
671 1067 787 1133 fletum
811 1068 927 1146 evasit,
950 1067 1109 1132 nimirum
1133 1067 1170 1132 in
1195 1089 1274 1155 pace
1297 1069 1365 1135 fac·

309 1177 365 1237 tus
387 1177 459 1236 erat
481 1170 572 1236 locus
595 1171 675 1256 ejus,
698 1171 854 1256 angustia
876 1175 990 1235 tamen
1013 1171 1149 1256 spiritus
1172 1172 1365 1257 perturbare

311 1273 423 1360 potuit
445 1272 557 1358 potius
581 1272 670 1358 quod
704 1273 801 1337 novit
823 1293 923 1358 quam
946 1273 983 1336 in
1013 1294 1110 1338 cursu
1133 1273 1254 1339 furoris
1277 1295 1365 1339 reco·
1442 1279 1445 1286 '

311 1377 378 1440 lere
393 1375 568 1461 sapienter.
607 1376 701 1440 Adeo
724 1376 760 1440 in
784 1381 889 1440 morte
913 1375 1018 1461 patris
1034 1397 1190 1442 concussa
1206 1381 1285 1441 sunt
1300 1377 1367 1441 vis-

312 1501 387 1544 cera
409 1478 563 1555 filiorum,
584 1478 666 1542 adeo
689 1478 830 1543 tristitia
852 1478 1030 1564 praevaluit
1052 1478 1276 1544 nescientibus
1298 1501 1368 1544 mo-

314 1581 394 1644 dum
417 1579 454 1642 in
477 1583 570 1644 motu
594 1579 723 1644 doloris
770 1577 911 1643 Interim
934 1584 1096 1665 parantur
1118 1581 1277 1665 exequiae,
1292 1602 1368 1645 con-

314 1686 525 1745 summantur
549 1701 592 1744 ex
625 1700 715 1744 more
740 1680 897 1745 universa
923 1700 998 1744 cum
1025 1701 1156 1745 summa
1182 1681 1367 1746 devotione.

317 1783 445 1862 Quibus
461 1783 524 1846 rite
547 1781 688 1866 peractis
704 1781 938 1866 superponitur
961 1803 1076 1866 corpus
1092 1792 1207 1856 feretro,
1225 1791 1317 1846 fertur
1332 1792 1369 1847 ad
1382 1789 1437 1840 The
1449 1791 1518 1855 body

218 1892 224 1906 ·
315 1881 466 1937 ecclesiam
489 1880 670 1936 Beatissimae
686 1879 821 1949 Virginis
843 1879 1004 1950 virginum,
1021 1898 1108 1952 quam
1131 1881 1203 1952 ipse,
1220 1877 1260 1936 ut
1282 1856 1493 1972 supral⁸ss⁰ffi⁶

315 1970 514 2035 meminimus,
546 1987 564 2024 a
602 1969 793 2024 fundamento
838 1965 1075 2025 construxerat.
1146 1960 1368 2027 Psallentibus
1381 1937 1490 2039 leffium?

316 2057 428 2116 autem
444 2056 479 2116 et
501 2049 659 2114 flentibus
675 2055 709 2114 et
732 2049 791 2134 qui
813 2050 978 2134 praeibant
1000 2055 1034 2114 et
1057 2050 1114 2135 qui
1137 2050 1369 2135 sequebantur,

318 2163 401 2216 ecoe!
429 2152 465 2216 in
499 2151 603 2216 oculis
628 2150 777 2215 omnium
801 2160 937 2231 apparuit
963 2160 1059 2230 gloria
1082 2151 1226 2229 Domini,
1252 2151 1370 2218 docens

316 2256 487 2319 intuentes
513 2254 686 2319 scientiam
704 2274 804 2338 quarn
828 2253 993 2338 pretiosus
1015 2253 1192 2319 thesaurus
1207 2255 1243 2318 in
1266 2257 1371 2320 mani·

317 2356 379 2420 bus
399 2377 521 2432 colum,
537 2376 636 2440 quam
659 2355 895 2441 gratulandum
918 2355 1145 2442 potiusquam
1168 2356 1371 2441 plorandum.
1385 2369 1412 2419 A
1425 2384 1505 2420 snow-

280 2525 292 2543 „
318 2457 503 2523 Videbatur
526 2457 615 2521 enim
643 2456 795 2522 columba
824 2457 923 2522 nivea
955 2457 1066 2543 elapsa
1098 2458 1238 2544 desuper
1274 2470 1373 2525 volatu
1386 2435 1536 2568 :move

319 2571 398 2624 lento
428 2559 569 2623 volitare
601 2586 687 2640 super
717 2569 865 2637 feretrum,
889 2569 1022 2640 expansis
1056 2569 1111 2624 alis
1142 2581 1211 2626 non
1242 2562 1375 2646 quidem

319 2661 569 2726 verberantibus
585 2681 668 2738 aera,
684 2661 741 2726 scd
765 2662 857 2746 quasi
883 2667 1068 2748 protegeret
1083 2681 1200 2748 corpus
1216 2665 1375 2730 exanima.

321 2763 424 2850 Spem
447 2764 548 2828 etiam
572 2763 669 2849 ignea
691 2763 816 2848 pariter
838 2764 1001 2848 apparuit,
1019 2773 1057 2828 ad
1079 2775 1155 2830 scuti
1169 2776 1270 2831 teretis
1284 2776 1477 2834 insterlaco

321 2893 408 2947 super
430 2875 582 2940 feretrum,
606 2871 641 2929 et
663 2865 908 2930 considerantes
943 2865 979 2930 in
1001 2863 1255 2933 admirationem
1278 2869 1378 2934 duxit
1390 2851 1483 2968 ζξῑξζζ

322 2974 356 3033 et
379 2973 554 3054 stuporem.
603 2966 660 3031 Fit
689 2967 890 3052 interruptio
921 2969 957 3031 in
980 2989 1059 3034 voca
1081 2970 1225 3054 gemitus
1255 2993 1377 3050 eorum,

322 3075 523 3154 cantumque
547 3069 696 3134 excludit
728 3074 851 3155 stupor,
888 3069 1044 3135 feruntur
1070 3071 1106 3136 in
1133 3073 1250 3140 caelum
1272 3096 1378 3154 voces,

323 3171 599 3258 congratulantur
620 3171 741 3236 animae
757 3176 880 3236 sanctae
903 3171 938 3235 in
955 3173 1049 3258 signo
1065 3175 1154 3258 quod
1176 3182 1389 3262 acceperant·

325 3276 407 3340 Erat
444 3274 533 3340 enim
567 3275 603 3338 in
635 3273 789 3340 columba
822 3274 1022 3340 innocentiae
1060 3277 1202 3362 signum,
1235 3279 1271 3343 in
1303 3280 1380 3366 igne

324 3377 519 3454 dilectionis,
543 3375 701 3461 quoniam
734 3375 763 3439 is
796 3377 854 3460 qui
884 3374 1052 3441 ferebatur
1078 3378 1261 3459 defunctus,
1285 3381 1380 3447 inno-

324 3501 400 3545 cens
422 3478 576 3543 manibus
599 3482 634 3542 et
667 3477 793 3541 mundo
816 3477 920 3554 corde,
944 3477 980 3541 in
1002 3481 1258 3546 mansuetudine
1285 3483 1380 3568 spiri-

325 3588 388 3658 tus,
426 3578 698 3644 infortitudine
737 3578 922 3644 dilectionis
960 3581 1152 3648 conciliarat
1189 3605 1258 3650 sese
1300 3583 1380 3662 Deo,

325 3682 454 3767 sibique
486 3681 675 3767 proximum
707 3685 883 3766 propterca
905 3681 1023 3759 Deum,
1047 3683 1259 3769 ejusdemque
1282 3685 1382 3750 bene-

325 3783 480 3849 dictionis
518 3805 617 3869 quam
655 3782 754 3846 vivus
788 3788 959 3869 acceperat
995 3784 1154 3850 comitata
1191 3790 1242 3850 est
1277 3787 1383 3873 gloria

326 3884 480 3951 iunctum
509 3884 612 3969 juxta
642 3884 871 3949 testimonium
901 3884 1038 3949 Domini
1069 3885 1174 3964 fidele,
1199 3886 1266 3967 Qui
1297 3887 1383 3951 Mihi

326 3987 515 4063 ministrat,
539 3986 593 4050 Mc
617 3991 788 4072 sequatur,
812 3990 851 4049 ut
883 3984 945 4051 abi
968 3985 1040 4070 Eoo
1062 4008 1149 4064 sara,
1172 3987 1247 4054 aaa
1270 3989 1315 4053 sit
1350 3996 1380 4055 ct

251 4101 258 4114 ·
327 4089 489 4155 minister
511 4089 616 4154 Meas.
667 4087 890 4153 Oredidemnr
921 4109 999 4174 ergo
1033 4088 1203 4154 intuentes
1240 4091 1383 4155 sermoni

329 4192 437 4258 Jhesu
459 4213 557 4278 quem
580 4190 719 4267 dixerat,
742 4189 963 4277 glorificantes
986 4188 1168 4255 Dominum
1199 4193 1236 4256 in
1261 4191 1383 4259 Sancto
1425 4184 1426 4188 ¹

332 4293 408 4372 Suo,
425 4293 492 4374 Qui
514 4293 561 4358 sic
575 4291 846 4378 magnificaverat
867 4291 1125 4357 misericordiam
1140 4292 1243 4358 Suam
1258 4294 1295 4358 in
1317 4295 1383 4362 illc.

271 4437 279 4464 ,
376 4393 506 4448 Infertur
528 4381 647 4447 deinde
670 4390 795 4445 oratorio
809 4389 974 4446 venerabile
995 4407 1107 4462 corpus,
1128 4389 1267 4469 utroque
1290 4385 1385 4472 signo

233 4506 239 4519 ·
330 4473 489 4548 feretrum
519 4472 705 4538 comitante.
753 4469 887 4536 Feretro
917 4497 1014 4535 coram
1038 4480 1124 4536 altari
1146 4481 1287 4554 deposito,
1310 4484 1385 4540 visio

331 4589 396 4644 quae
418 4569 555 4644 apparuit
576 4570 609 4625 in
631 4569 787 4625 australem
810 4567 938 4625 ccclesiae
960 4570 1078 4642 plagam
1099 4589 1189 4643 propo
1221 4573 1312 4628 altaro
1342 4573 1385 4628 di·

331 4661 430 4727 vertit,
454 4660 537 4732 quasi
559 4661 656 4715 locum
671 4659 826 4730 designans
848 4657 976 4731 corporis
999 4650 1186 4736 sepultura.
1219 4661 1282 4730 Quo
1298 4663 1384 4728 facto,

331 4741 375 4809 ab
401 4749 493 4808 oculis
516 4740 778 4822 omniumolopso
800 4752 853 4815 cst,
877 4743 1074 4826 peractoque
1096 4741 1265 4820 sacrificio,
1288 4763 1385 4808 cunc-
