3582 5798
419 918 462 978 88
740 925 822 975 vrrs
844 925 967 974 sancrr
990 922 1146 972 oswaunr

465 1107 567 1173 Facto
589 1127 685 1172 mane
708 1107 822 1170 illuxit
844 1106 914 1170 dies
938 1126 1036 1190 quem
1060 1104 1152 1170 dedit
1167 1103 1330 1169 Dominus
1347 1101 1470 1168 Sancto

421 1211 489 1277 Suo
511 1211 555 1276 ad
577 1210 759 1275 vivendum
781 1211 817 1274 in
840 1209 990 1276 bonitate
1011 1209 1189 1276 electorum
1205 1207 1278 1284 Dei,
1293 1209 1329 1271 in
1351 1205 1472 1271 laetitia

251 1345 333 1396 Μ
420 1314 529 1400 gentis
553 1313 638 1390 Suae,
661 1313 698 1376 in
720 1313 905 1396 hereditate
921 1311 1048 1377 Christi
1072 1311 1155 1390 Sui3
1179 1311 1336 1375 fratribus
1358 1313 1471 1374 autem

251 1414 364 1476 haeum
421 1416 491 1482 dies
514 1415 712 1482 calamitatis
736 1419 770 1480 et
800 1415 950 1492 miserim,
974 1413 1052 1499 quia
1082 1414 1119 1476 in
1142 1433 1189 1492 ea,
1214 1413 1300 1478 sicut
1329 1410 1472 1497 praedix-

251 1479 401 1595 ibii'uo
422 1523 501 1592 erat,
533 1523 605 1582 erat
642 1517 851 1582 transiturus.
908 1516 953 1581 Et
984 1521 1098 1580 tamen
1129 1535 1246 1600 corpus
1276 1517 1472 1589 emortuum,

252 1613 308 1675 ⁶⁸5·
422 1625 515 1684 artus
546 1619 659 1684 morbo
682 1617 872 1684 fatiscentes
907 1623 1024 1704 utpote
1053 1618 1181 1682 exitum
1211 1616 1406 1680 nuntiantes
1436 1615 1472 1676 in

416 1722 538 1808 januis,
577 1721 665 1785 diem
704 1721 802 1785 istam
840 1742 907 1784 non
946 1721 1102 1784 sinuntur
1147 1718 1267 1783 habere
1312 1717 1472 1782 feriatam.

420 1827 618 1892 Psalterium
642 1827 731 1891 enim
753 1827 942 1891 modulatus
977 1831 1028 1891 est
1060 1847 1103 1890 ex
1136 1825 1274 1910 integre,
1297 1823 1384 1888 sicut
1414 1844 1473 1907 per

421 1929 569 2016 singulos
599 1929 678 1994 (lies,
723 1928 853 1993 Deinde
881 1928 1045 2015 singulare
1069 1937 1242 1992 sacrificium
1264 1933 1472 2006 redemptionis
1484 1943 1603 2003 Eadmer,

420 2025 541 2084 nostrae
565 2046 662 2082 coram
685 2045 714 2082 se
737 2027 807 2082 fecit
829 2027 938 2092 offerri,
962 2017 1097 2103 ejusque
1121 2017 1266 2082 refectus
1288 2014 1472 2101 participio,
1485 2026 1509 2074 r·
1522 2012 1563 2060 ³⁷·

421 2120 515 2205 quasi
548 2119 722 2204 abjecisset
753 2141 883 2184 omnem
916 2119 1116 2205 languorem,
1139 2119 1288 2205 explevit
1314 2117 1380 2182 diei
1403 2115 1472 2180 offi-

421 2221 509 2287 cium
540 2219 713 2304 reliquum.
760 2218 856 2286 Oculi
891 2219 1061 2296 reconditi,
1093 2225 1262 2286 eontracta
1295 2217 1392 2296 labia,
1416 2237 1472 2280 ex·

421 2323 551 2387 inanita
582 2343 656 2388 caro
691 2322 727 2384 in
753 2343 887 2408 corpore
919 2323 1056 2408 reliquo,
1090 2327 1124 2386 et
1157 2327 1270 2387 tamen
1301 2320 1473 2385 munimen

421 2423 542 2490 hocin
572 2423 764 2509 obsequium
791 2446 1006 2510 supernorum
1032 2423 1256 2510 compellebat.
1304 2423 1472 2486 Nimirum

422 2526 530 2592 adhuc
567 2527 733 2591 modicum
769 2533 803 2592 et
841 2528 904 2592 iste
942 2525 983 2591 dc
1027 2527 1176 2612 supernis
1211 2527 1282 2591 erit.
1342 2524 1471 2590 Deinde

421 2629 529 2694 erexit
555 2651 597 2706 se,
632 2629 808 2714 praecinxit
842 2629 978 2706 lintheo,
1001 2629 1093 2692 misit
1122 2649 1243 2714 aquam
1269 2628 1305 2691 in
1339 2627 1471 2714 pelvim,

421 2732 523 2816 coepit
553 2731 665 2796 lavare
704 2731 803 2816 pedes
837 2751 1028 2816 pauperum,
1062 2729 1173 2814 sicque
1204 2729 1343 2795 osculari
1381 2727 1473 2805 lotos,

422 2833 511 2897 crine
543 2831 735 2918 lintheoque
766 2832 942 2917 detergere,
967 2837 1001 2896 et
1031 2831 1119 2896 inter
1140 2831 1305 2916 agendum
1336 2830 1473 2916 psallere

254 2953 393 3006 Dieraaer
424 2933 612 3019 quindecim
635 2935 799 3020 graduum
830 2933 979 3019 psalmos.
1028 2932 1155 3013 Quibus
1179 2933 1277 2998 dictis
1300 2955 1374 2999 cum
1398 2933 1474 2996 sub·

254 3021 371 3085 wishing
420 3036 599 3120 junxisset,
622 3035 764 3100 “Gloria
786 3034 878 3100 Patri
901 3040 936 3099 et
968 3033 1054 3099 Filio
1089 3039 1124 3098 et
1155 3033 1297 3120 Spiritui
1322 3033 1474 3110 Sancto,'’

255 3087 405 3138 thefeetof
444 3133 450 3146 ‚
874 3134 880 3144 ι
1085 3123 1091 3137 ,
1375 3133 1380 3144 Ι

254 3154 378 3218 them,
424 3146 517 3210 eique
563 3152 703 3206 pauperes
740 3138 963 3189 aasumexrssent
1007 3129 1132 3210 gratlas
1170 3129 1314 3210 agentes
1353 3132 1475 3188 droendo

425 3213 598 3300 “Spiritui
645 3213 795 3280 Sanct0’'
834 3227 965 3278 sanctam
1002 3229 1047 3278 cst
1089 3222 1233 3278 resolutus
1270 3223 1302 3277 in
1341 3227 1474 3286 mortem,

424 3313 561 3369 emittens
584 3312 719 3384 spiritum
741 3329 826 3367 suum
841 3303 878 3367 in
901 3302 1030 3388 Spiritu
1052 3301 1182 3379 Sancto,
1206 3304 1306 3368 immo
1331 3302 1475 3389 Spiritus

425 3405 567 3472 Sanctus
590 3405 743 3491 spiritum
765 3405 870 3490 patris
891 3405 997 3470 nostri
1021 3411 1197 3470 exeuntem
1221 3405 1261 3470 de
1278 3405 1411 3492 Egypto
1432 3405 1475 3469 ad

424 3506 558 3571 Patrem
581 3506 760 3592 spirituum
798 3506 919 3583 evexit,
944 3506 1026 3571 dans
1061 3507 1091 3570 ei
1126 3507 1235 3572 locum
1266 3507 1474 3572 nominatum

425 3609 462 3672 in
484 3629 586 3694 regno
608 3607 685 3685 Suo,
709 3607 767 3672 ubi
790 3607 940 3673 ambulat
963 3628 1031 3674 non
1049 3609 1121 3694 jam
1143 3609 1180 3672 in
1202 3631 1268 3696 spe,
1291 3609 1349 3674 sed
1373 3609 1409 3672 in
1431 3630 1475 3686 re,

425 3710 461 3774 in
494 3709 653 3798 gaudium
688 3709 824 3775 Domini
861 3709 1008 3775 humeris
1044 3730 1227 3797 pauperum
1259 3711 1476 3787 introductos,

425 3811 545 3897 quibus
577 3811 741 3877 transiens
772 3811 872 3876 etiam
907 3811 1120 3877 ministravit.
1169 3812 1353 3899 Ogratum
1384 3812 1476 3878 obse-

425 3915 539 4000 quium
563 3915 599 3978 in
622 3936 688 4000 quo
710 3935 827 3979 revera
848 3913 1094 4000 beneplacitum
1117 3919 1169 3979 est
1191 3915 1271 3992 Deo,
1294 3914 1383 4000 quod
1406 3920 1475 3979 tam

423 4022 553 4083 matura
587 4017 734 4083 mercede
766 4015 926 4082 donatum
961 4022 1029 4096 est;
1052 4017 1168 4102 utique
1196 4017 1268 4081 vita
1290 4015 1381 4094 felix,
1404 4015 1475 4081 feli-

424 4121 491 4185 cior
512 4119 632 4196 exitus,
655 4119 715 4183 ubi
737 4119 880 4184 occurrit
911 4117 1026 4183 mortis
1057 4125 1174 4204 portus
1200 4123 1235 4183 et
1268 4123 1364 4204 porta
1387 4119 1474 4194 vitae,

426 4220 531 4306 gloria
552 4241 678 4305 perpes,
701 4219 841 4285 miseriae
865 4219 958 4284 finis!

257 4339 314 4392 The
325 4339 393 4408 grief
473 4319 605 4384 Fratres
636 4327 748 4386 autem
783 4321 1023 4388 circumdantes
1056 4323 1224 4409 jacentem
1261 4328 1340 4386 aute
1378 4323 1477 4408 pedes

258 4407 356 4523 goffi-
427 4441 611 4506 pauperum
642 4423 827 4508 psallebant
858 4428 893 4489 et
924 4423 1057 4502 flebant,
1080 4429 1311 4510 persequentes
1343 4425 1477 4510 psalmis

428 4523 586 4588 dilectum
629 4525 874 4610 repatriantem,
914 4525 1137 4612 exprimentes
1175 4527 1330 4612 lacrymis
1369 4527 1476 4592 zelum

427 4623 557 4688 doloris.
623 4624 740 4710 Neque
785 4627 874 4691 enim
913 4629 998 4694 ratio
1036 4629 1152 4694 fletum
1197 4629 1383 4714 reprimere,
1423 4628 1477 4693 vel

425 4725 565 4794 scientia
601 4727 713 4816 potuit
749 4727 894 4794 dolorem
932 4730 1077 4809 delinire,
1117 4730 1202 4816 quia,
1242 4731 1304 4802 etsi
1342 4735 1476 4796 nossent
