3386 5802
455 950 642 1002 usmrouns
664 950 711 1000 ιιι
733 951 757 1000 s.
783 949 970 1000 wruununo.
1179 935 1242 998 545

233 1139 359 1204 Laeuo
383 1137 446 1204 III.
471 1137 771 1224 Appropinquante
794 1157 872 1201 vero
889 1140 1037 1221 tempore
1060 1155 1125 1220 quo
1148 1154 1241 1199 sane-
1254 1143 1309 1194 ’.ιιι
1321 1145 1394 1194 arch

186 1247 259 1305 tum
293 1261 410 1328 corpus
443 1239 561 1304 debuit
594 1238 778 1316 sublimari,
812 1239 979 1324 praevenit
1011 1236 1139 1302 diem'
1130 1257 1239 1321 ipsum
1252 1210 1406 1328 pappant

186 1341 384 1408 venerabilis
407 1346 503 1429 pater
526 1340 713 1406 Willelmus
736 1339 952 1406 Eboracensis
967 1337 1240 1426 archiepiscopus,
1252 1343 1374 1408 opentho

186 1466 314 1513 necnon
337 1449 372 1510 et
406 1443 615 1510 Menevensis
647 1443 828 1530 episcopus,
861 1441 926 1507 frat
912 1447 963 1507 ter
987 1440 1083 1507 electi
1113 1415 1305 1504 Dunel-tom
1252 1472 1351 1527 hep„

188 1552 319 1629 mensis,
362 1551 516 1618 similiter
562 1555 598 1616 et
631 1549 720 1614 idem
754 1549 838 1616 elect
823 1553 886 1614 t.us
949 1548 994 1614 Et
1029 1547 1239 1633 intempestae
1252 1544 1328 1594 md·

187 1655 294 1720 noetis
328 1651 462 1720 silentio
496 1653 661 1720 intrantes
695 1651 874 1729 ecclesiam,
905 1651 1028 1717 decem
1060 1650 1241 1716 comitante

188 1761 223 1820 et
245 1755 419 1834 canonicis,
442 1755 594 1821 laetanias
617 1753 806 1832 concinunt,
828 1753 993 1820 orationes
1028 1751 1184 1830 fundunt,
1207 1757 1241 1818 et

186 1857 230 1922 ad
253 1859 404 1924 tumbam
428 1858 542 1926 Sancti
565 1855 723 1924 Willelmi
747 1856 819 1942 ejus
841 1855 1055 1943 implorantes
1077 1855 1240 1922 auxilium

188 1958 360 2026 humiliter
382 1983 416 2026 se
439 1963 662 2046 prosternunt.

234 2061 362 2128 Lucrro
385 2061 468 2128 IIII.
507 2061 655 2128 Tandem
688 2060 731 2126 ab
754 2061 902 2127 oratione
926 2066 1106 2149 surgentes,
1129 2065 1240 2126 amoto
1254 2075 1327 2142 They
1337 2091 1376 2128 re

188 2163 298 2249 lapide
321 2163 522 2279 sarcophago
545 2163 728 2250 supposito,
751 2163 922 2250 reperiunt
944 2164 1051 2230 saneti
1074 2163 1361 2260 P⁰nlifi⁰l³remams
1252 2144 1384 2194 moscus

188 2285 305 2351 corpus
328 2265 427 2332 saeris
442 2265 591 2330 vestibus
605 2265 802 2330 involutum
847 2263 979 2331 Amotis
1001 2265 1106 2352 igitur
1119 2269 1242 2352 patena
1253 2277 1295 2326 for
1306 2276 1349 2326 the

190 2371 225 2431 et
239 2365 348 2446 calice,
365 2367 423 2452 qui
442 2366 544 2454 juxta
559 2387 676 2453 eorpus
698 2367 735 2432 in
758 2366 906 2454 sepulcro
928 2367 1061 2432 fuerant
1083 2365 1241 2446 collocati,
1255 2357 1368 2394 monos.

189 2467 453 2556 archiepiscopus
476 2475 512 2534 et
534 2469 717 2556 episcopus,
741 2489 907 2535 unacum
929 2469 1004 2535 aliis
1027 2469 1085 2555 qui
1116 2469 1243 2534 meritis

190 2571 373 2657 praecellere
404 2571 630 2650 credebantur,
667 2571 864 2657 incipientes
901 2593 922 2638 a
958 2572 1075 2659 capite,
1113 2575 1242 2638 sanetas

190 2673 346 2760 reliquias
380 2695 455 2740 oum
488 2673 676 2740 reverentia
707 2673 820 2739 debita
853 2673 1010 2753 levantes,
1033 2675 1070 2738 in
1100 2675 1243 2760 quadum

190 2776 324 2862 capsula
345 2775 549 2852 locaverunt,
573 2781 607 2842 et
629 2775 747 2864 sigillis
770 2777 929 2862 appositis
951 2798 1026 2844 oum
1048 2777 1243 2842 maturitate

191 2876 304 2943 debita
326 2883 536 2944 recesserunt

235 2979 364 3045 Laerro
386 2981 425 3046 V.
449 2981 548 3047 Mane
577 2985 690 3046 autem
723 2981 810 3048 sacto
843 2979 1027 3059 redeuntes,
1050 2979 1138 3047 clara
1170 2979 1243 3046 luce
1256 2968 1328 3034 They

191 3101 299 3148 sacras
323 3081 438 3148 Sancti
461 3083 626 3168 reliquias,
650 3104 732 3169 quas
766 3082 859 3170 prius
882 3081 1129 3158 convolverent,
1154 3082 1243 3149 evol·
1254 3050 1393 3153 difficiles.

191 3189 318 3260 ventes,
341 3189 376 3250 et
410 3205 484 3250 eum
515 3190 633 3252 exacta
664 3185 851 3250 reverentia
883 3185 1165 3272 pertractantes,
1155 3206 1244 3271 1psas

191 3290 301 3352 vestes
332 3307 449 3364 sacras,
487 3287 524 3350 in
561 3287 681 3373 quibus
715 3285 848 3373 gloriosi
886 3285 1089 3352 Ooniessoris
1127 3308 1245 3374 corpus

192 3387 381 3454 involutum
404 3387 521 3467 fuerat,
545 3389 582 3453 in
615 3394 744 3476 partem
766 3388 942 3475 ponebant.
989 3389 1038 3454 Ea
1061 3410 1139 3456 vero
1170 3411 1244 3476 quae

193 3490 236 3555 ad
271 3490 415 3575 eorporis
446 3491 668 3557 substantiam
707 3491 929 3577 pertinebant,
962 3492 998 3554 in
1036 3491 1170 3576 capsula
1201 3492 1245 3556 ad

192 3590 264 3656 haec
302 3592 496 3678 diligentius
544 3597 734 3680 praeparata
771 3592 983 3659 devotissime
1032 3593 1244 3671 collocabant,

194 3692 364 3778 signantes
388 3714 529 3778 capsam,
552 3699 587 3760 et
609 3693 792 3762 custodiam
816 3693 1020 3760 adhibentes

237 3793 365 3860 Leone
388 3795 445 3860 VI.
478 3794 639 3880 Sequenti
626 3817 750 3862 1·vero
788 3795 843 3860 die
876 3795 956 3860 dum
991 3816 1046 3861 ma
1046 3796 1165 3862 tutime
1203 3797 1367 3862 densans

193 3895 308 3962 Sancti
342 3895 501 3961 Willelmi
536 3896 755 3964 translatione
778 3895 992 3983 solempniter
1023 3902 1236 3963 cantarentur
1237 3875 1378 3992 ,fflssd

194 4019 281 4063 unus
313 3998 599 4064 deservientibus
632 3998 863 4064 canonicorum
893 4003 994 4085 caput
1029 4020 1125 4064 suum
1152 3999 1244 4086 (sub)
1257 4006 1415 4058 ofeservant

194 4101 299 4168 basim
322 4100 476 4187 pulpiti
467 4123 503 4165 ιιι
526 4123 591 4187 quo
618 4101 684 4189 legi
706 4100 790 4168 solet
811 4100 1030 4188 Evangelium
1063 4101 1244 4169 reclinavit.
1258 4073 1406 4190 ῗέζοξῧζξδ

197 4201 242 4268 Et
257 4208 350 4268 ecce!
372 4203 453 4267 dum
469 4203 570 4269 tertia
585 4203 697 4270 Lectio
709 4203 880 4291 legeretur,
903 4201 1010 4290 lapis¹
1026 4203 1245 4291 columpnaris
1257 4206 1365 4256 without

196 4326 296 4393 super
319 4310 421 4392 eaput
444 4305 644 4391 quiescentis
678 4306 804 4384 cecidit,
827 4306 877 4372 ita
900 4305 988 4392 quod
1010 4312 1111 4424 eaput
1141 4273 1362 4394 ipsiusflpnning

229 4557 332 4611 ¹Some
349 4573 424 4624 years
447 4575 495 4626 ago
517 4577 534 4613 ι
556 4567 695 4612 stonense
746 4567 823 4626 eaput
840 4559 932 4626 [toperi
951 4559 983 4610 de
1003 4560 1095 4625 Ripoa.
1130 4560 1245 4612 Thereis

196 4638 277 4691 found
297 4640 324 4688 in
342 4639 386 4690 the
406 4639 481 4691 Close
501 4646 527 4690 at
546 4637 626 4700 York,
647 4641 696 4690 aud
745 4639 937 4691 anaceouutof
946 4640 1246 4707 thisandofeverything

195 4719 217 4768 is
243 4733 301 4768 now
328 4719 462 4783 preserved
479 4719 505 4768 ιιι
527 4717 571 4769 the
591 4720 696 4784 Vestry,
746 4719 887 4774 connected
904 4717 963 4767 vith
984 4719 1021 4770 St.
1035 4717 1145 4769 William
1165 4721 1192 4769 in
1203 4721 1247 4770 the

195 4796 299 4864 bearmg
316 4796 359 4847 the
387 4795 517 4862 following
539 4795 696 4862 inscription,
745 4797 855 4848 Journal
866 4795 896 4845 of
914 4797 1108 4848 thoYorkslrire
1124 4797 1248 4850 Arehaeo·

199 4873 251 4926 Hic
279 4883 316 4925 eat
344 4875 412 4942 lapis
441 4879 484 4942 qui
507 4877 596 4928 cecidit
617 4893 696 4944 supro
745 4876 839 4943 logical
851 4875 960 4942 Socicty.

286 4967 379 5021 0575.
1036 4985 1063 5034 M
1086 4985 1113 5036 Μ
