3586 5802
430 814 496 877 222
659 827 682 876 A
705 829 965 881 courruuarrou
989 831 1033 882 or
1055 833 1126 882 rnu
1149 833 1248 884 arvus

428 1014 681 1100 coadjutoribus,
704 1016 862 1081 adversus
885 1038 983 1102 quem
1010 1038 1119 1085 coram
1141 1018 1331 1105 Apostolico
1354 1036 1481 1105 proces-

428 1123 543 1182 serunt
564 1117 600 1182 in
622 1139 754 1185 causam
777 1117 826 1183 hii
850 1119 907 1204 qui
935 1141 1011 1186 eum
1040 1119 1297 1206 appellaverant
1344 1120 1482 1186 Summa

428 1240 506 1285 vero
530 1220 670 1305 querelae
703 1242 816 1286 eorum
847 1221 884 1286 in
916 1221 978 1288 hoc
1010 1221 1076 1287 niti
1110 1223 1294 1301 videbatur,
1317 1221 1406 1309 quod
1428 1219 1479 1286 W.

428 1341 534 1387 comes
557 1322 770 1388 Eboracensis
794 1323 830 1386 in
862 1323 1008 1409 capitulo
1028 1323 1227 1392 Eboracensi
1258 1324 1416 1412 praecepit
1438 1343 1481 1388 ex

426 1443 482 1488 ore
524 1424 611 1510 regis
648 1425 738 1491 hunc
776 1424 981 1490 Willelmum
1020 1426 1107 1513 eligi.
1170 1427 1296 1494 Idcirco
1334 1424 1482 1493 decrevit

424 1527 643 1611 Apostolicus,
667 1532 707 1592 ut
729 1527 757 1592 si
788 1528 932 1595 decanus
963 1528 1186 1608 Eboracensis,
1209 1527 1404 1606 Willelmus,
1423 1527 1480 1614 ju·

425 1633 514 1694 reret
535 1628 596 1696 hoc
618 1629 705 1716 regis
727 1636 930 1716 praeceptum
952 1631 996 1696 ad
1026 1630 1212 1717 capitulum
1234 1653 1294 1718 per
1324 1630 1479 1699 comitem

424 1751 633 1817 nequaquam
656 1731 829 1817 perlatum,
853 1731 942 1799 hunc
971 1732 1016 1798 ad
1038 1734 1315 1802 consecrationem
1349 1731 1478 1798 sollem-

424 1834 513 1898 niter
544 1855 638 1920 posse
669 1834 826 1914 admitti3
856 1836 884 1899 si
918 1841 1031 1901 tamen
1054 1842 1089 1901 et
1115 1836 1186 1922 ipse
1217 1858 1277 1923 pro
1311 1857 1346 1902 se
1378 1835 1476 1900 fidem

425 1937 519 2001 daret
542 1937 675 2002 datione
698 1937 846 2022 pecuniae
868 1937 958 2004 hunc
975 1937 1132 2004 honorem
1154 1960 1189 2004 se
1211 1960 1280 2005 non
1302 1937 1478 2025 appetisse.

426 2037 645 2124 Impetratum
668 2038 770 2103 etiam
796 2037 863 2103 fuit
884 2039 957 2106 vice
989 2039 1104 2106 decani
1127 2040 1227 2107 aliam
1259 2040 1476 2128 approbatam

426 2162 598 2227 personam
620 2141 664 2208 ad
686 2147 927 2209 sacramentum
950 2163 1044 2229 posse
1066 2142 1238 2208 substitui.

256 2241 373 2358 piniarfn
472 2242 596 2308 Eodem
619 2265 697 2309 vero
722 2249 867 2329 tempore
890 2243 940 2308 W.
957 2244 1100 2310 decanus
1119 2243 1381 2324 Eboracensis,a
1404 2267 1476 2330 per-

255 2323 512 2428 yffihdesonis
547 2345 690 2412 ecclesiae
712 2345 945 2412 Dunelmensis
972 2345 1104 2424 electus,
1134 2346 1170 2410 in
1202 2347 1340 2414 octabis.
1363 2346 1478 2414 Sancti

254 2441 387 2560 {313ng
425 2446 588 2513 Johannis
612 2447 774 2533 Baptistae
797 2451 1005 2513 consecratus
1028 2452 1088 2512 est.¹

372 2548 379 2561 ⁶
470 2549 656 2615 Willelmus
679 2549 791 2634 itaque
818 2548 941 2614 clectus
964 2548 1188 2628 Eboracensis
1211 2569 1232 2615 a
1254 2549 1478 2616 transmarina

423 2673 587 2738 regressus
621 2651 831 2738 profectione,
861 2671 972 2716 mense
1005 2649 1210 2737 Septembris
1232 2651 1323 2738 apud
1346 2649 1476 2716 Winto-

422 2755 512 2819 niam
547 2754 727 2821 secundum
762 2753 931 2820 decretum
963 2753 1146 2839 Apostolici
1179 2753 1282 2840 legati
1315 2751 1476 2830 constitit,

418 2856 544 2941 judicio
567 2855 820 2924 consedentibus
843 2855 922 2922 cleri
945 2854 1077 2942 Angliae
1100 2857 1277 2923 nobilibus:
1323 2855 1477 2922 Instabat

422 2980 481 3045 pro
504 2981 542 3025 eo
573 2959 800 3024 multitudinis
831 2957 1040 3035 desiderium,
1064 2980 1131 3024 non
1165 2963 1235 3025 tam
1269 2957 1477 3044 deposcentis

422 3081 521 3145 quam
555 3061 720 3148 exigentis
753 3082 829 3126 eum
866 3061 1056 3127 consecrari.
1117 3061 1195 3128 Non
1232 3062 1391 3147 apparuit
1428 3060 1475 3126 ibi

422 3163 596 3249 quisquam
619 3164 677 3248 qui
700 3163 858 3229 adversus
880 3183 956 3227 eum
971 3163 1094 3228 mutire
1116 3169 1340 3250 praesumeret.
1381 3163 1477 3230 Mon-

422 3263 521 3330 datus
536 3265 580 3330 ad
602 3263 693 3330 hunc
714 3268 916 3330 conventum
939 3262 1125 3329 Willelmus
1156 3263 1328 3351 episcopus
1350 3262 1477 3331 Dunel·

421 3365 551 3444 mensis,
590 3365 714 3432 directo
751 3365 932 3451 responsali
963 3366 1138 3433 excusavit
1167 3387 1202 3431 se
1232 3387 1291 3451 per
1321 3369 1476 3452 urgentes

421 3467 580 3534 Willelmi
604 3467 726 3534 Oumin
744 3467 1020 3554 perturbationes:
1065 3467 1146 3535 Vice
1169 3467 1240 3554 ejus
1262 3473 1477 3534 surrexerunt

420 3569 617 3656 Radulphus
656 3569 768 3635 Nuvel
810 3569 981 3656 episcopus
1023 3569 1064 3635 de
1109 3569 1255 3648 Orcadis,
1299 3569 1476 3636 Sanaricus

420 3672 522 3737 abbas
557 3671 777 3749 Eboracensis‚
800 3675 835 3736 et
866 3670 1066 3737 Benedictus
1099 3670 1201 3737 abbas
1236 3669 1277 3737 de
1305 3670 1474 3756 Whiteby,

254 3775 366 3828 william
421 3773 622 3841 satisfacturi
665 3795 741 3840 cum
782 3773 895 3840 electo.
958 3771 1175 3840 Consecratus
1214 3778 1266 3840 est
1303 3774 1417 3860 itaque
1453 3795 1475 3842 a

252 3857 340 3960 ξῗέᾆῖ
419 3876 537 3963 legato,
560 3875 605 3941 H:
628 3874 852 3942 wintoniensi
881 3875 1042 3962 episcopo,
1066 3880 1161 3941 sexto
1192 3875 1352 3942 kalendas
1376 3875 1476 3944 Octo·

251 3976 402 4094 {phthiggm
420 3979 496 4058 bris,
520 3976 708 4045 Willelmus
737 3977 1000 4064 archiepiscopus
1024 3977 1246 4058 Eboracensis
1271 3978 1385 4045 multis
1408 3978 1475 4047 col·

254 4058 336 4162 nial·
367 4080 375 4106 ’
420 4081 612 4148 laetantibus
634 4102 733 4168 super
755 4081 825 4167 ejus
848 4081 1061 4166 promotione.

465 4182 540 4252 Hoc
570 4204 658 4252 anno
691 4183 776 4250 obiit
809 4202 896 4270 papa
929 4181 1164 4261 Innocentius3
1189 4182 1392 4250 substitutus
1423 4187 1475 4249 est

419 4309 479 4374 pro
525 4310 564 4355 eo
606 4287 812 4366 Oaelestinus,
847 4286 900 4351 vir
944 4287 1153 4374 grandaevus.
1215 4286 1315 4353 Anno
1361 4289 1473 4353 autem

420 4389 568 4457 mcxliiii⁰
591 4389 789 4457 Caelestinus
812 4410 900 4476 papa
922 4388 1016 4467 obiit,
1039 4389 1093 4456 cui
1117 4387 1239 4456 Lucius
1262 4389 1430 4458 successit:

465 4491 529 4556 His
552 4491 667 4557 diebus
689 4492 857 4560 mediante
879 4489 1048 4559 Willelmo
1069 4491 1322 4579 archiepiscopo,
1347 4491 1474 4558 Willel·

419 4615 493 4659 mus
535 4593 766 4661 Dunelmensis
800 4599 836 4660 et
868 4593 1055 4660 Willelmus
1090 4593 1213 4661 (lumin
1246 4600 1473 4662 convenenmt

419 4695 456 4761 in
488 4693 597 4762 foedus
629 4694 726 4782 pacis.
764 4693 828 4764 Die
858 4695 972 4782 itaque
987 4693 1103 4767 Sancti
1126 4693 1225 4768 Lucae
1248 4694 1472 4785 Evangelistae
