3582 5798
669 936 830 985 sacrorn
854 933 1029 984 munnae.
1321 921 1364 984 49

308 1123 539 1202 restituuntur,
562 1128 597 1188 et
628 1127 748 1190 cuncta
780 1121 923 1209 corporis
955 1121 1102 1215 membra
1127 1121 1279 1206 contagio
1301 1121 1363 1184 im-

306 1227 532 1293 mundissima
555 1226 655 1314 leprae
678 1225 914 1292 destituuntur.
973 1226 1029 1290 Fit
1059 1224 1214 1310 jubilatio
1248 1223 1362 1310 plebis,
1376 1225 1439 1303 Tuis
1452 1245 1513 1280 con-

305 1329 372 1395 ista
404 1331 568 1396 cernentis
602 1329 757 1407 membra,
780 1329 887 1394 multa
909 1333 943 1393 et
968 1327 1111 1414 grandis,
1134 1327 1361 1413 magnificant·
1374 1297 1516 1413 Jffisffi

306 1453 369 1517 que
394 1433 502 1498 Deum
533 1433 570 1497 in
608 1431 742 1498 sublimi
774 1453 853 1497 voce
886 1430 1109 1496 exultationis.
1156 1431 1204 1494 At
1234 1428 1280 1492 ii¹
1303 1431 1361 1514 qui
1374 1425 1530 1528 bisannas,

305 1533 497 1600 demeritis
528 1535 647 1620 inclyti
678 1533 783 1620 patris
821 1533 920 1620 paulo
954 1537 1032 1598 aute
1058 1531 1266 1608 dubitabant,
1288 1533 1361 1599 visa
1373 1509 1503 1614 baffi,

303 1642 398 1704 tanta
420 1639 547 1704 virtute
580 1638 758 1704 salubriter
779 1635 907 1703 confusi
930 1642 1018 1714 sunt,
1042 1640 1083 1713 et,
1107 1635 1232 1721 aspersi
1254 1625 1445 1722 laoy-feust-

303 1739 366 1805 mis
387 1761 497 1828 genas,
512 1747 608 1808 terrae
631 1740 859 1827 procumbunt,
882 1743 1011 1805 reatum
1033 1743 1224 1824 agnoscunt,
1243 1760 1359 1826 agnos-

303 1848 413 1909 centes
444 1844 568 1931 ignosci
600 1843 664 1908 sibi
703 1861 899 1928 magnopere
930 1845 1057 1928 petunt
1104 1839 1160 1904 llli
1192 1861 1270 1927 ergo
1301 1844 1359 1927 qui

302 1945 394 2030 prius
428 1947 537 2012 Deum
577 1945 802 2032 precabantur,
840 1949 880 2008 ut
902 1943 1061 2010 increduli
1100 1944 1141 2009 de
1178 1943 1358 2010 eminentia

302 2048 488 2114 sanctitatis
511 2049 601 2114 beati
623 2047 789 2134 pontificis
811 2046 923 2131 aliquo
945 2046 1040 2132 signo
1062 2045 1105 2111 ad
1127 2045 1356 2140 credulitatem

301 2149 519 2230 flecterentur,
533 2172 623 2217 nunc
645 2173 704 2236 pro
727 2147 872 2214 eisdeml
894 2149 1118 2235 deprecantur,
1134 2153 1174 2213 ut
1196 2169 1239 2212 ex
1261 2149 1355 2235 signo

301 2254 470 2320 eredentes
504 2255 612 2320 effecti
634 2276 656 2319 a
678 2253 776 2340 culpa
797 2251 1040 2318 incredulitatis
1063 2252 1247 2338 expientur.
1294 2252 1354 2317 Le-

300 2361 379 2422 vata
401 2357 506 2444 igitur
527 2375 702 2435 cesanam
724 2375 855 2422 carnem
877 2355 1024 2420 humana
1046 2353 1191 2421 conditio
1215 2359 1249 2418 et
1271 2358 1353 2418 tem-
1367 2358 1514 2415 Thebanos

299 2459 387 2544 poris
410 2459 583 2546 longitudo
605 2459 642 2523 in
662 2459 833 2545 pulverem
854 2458 1044 2544 redegerat3
1066 2457 1186 2535 levata,
1211 2457 1354 2542 inquam,
1366 2427 1495 2548 gfflfm

299 2583 380 2640 ossa,
404 2563 655 2650 diligentissime
686 2563 764 2640 lota,
786 2581 825 2628 ac
859 2561 895 2626 in
916 2561 1037 2626 feretro
1061 2560 1150 2646 quod
1176 2560 1354 2646 ipsummet
1367 2561 1474 2614 annm.

299 2663 377 2728 olim
411 2664 525 2730 fecisse
559 2669 594 2730 et
621 2663 813 2750 Wigornam
847 2663 890 2728 ad
927 2663 1082 2748 reliquias
1105 2663 1169 2728 Dei
1207 2664 1353 2730 scientie

297 2772 394 2832 notas
428 2767 646 2833 transmisisse
674 2787 774 2853 supra
805 2765 1025 2843 meminimus,
1059 2765 1212 2832 decenter
1245 2767 1352 2833 locata

296 2875 383 2936 sunt.
429 2870 528 2956 Aqua
559 2891 638 2936 vero
660 2871 734 2957 ipsa
760 2869 889 2934 diverso
920 2869 1076 2955 languore
1112 2869 1249 2935 obsessis
1272 2891 1350 2936 cer-

296 2976 365 3036 tam
388 2971 585 3038 medicinam
621 2972 898 3038 subministravit.
956 2971 1162 3058 Quicumque
1200 2973 1288 3038 enim
1311 2995 1350 3040 ee
1363 2991 1440 3049 some

295 3075 347 3138 usi
377 3079 464 3153 sunt,
495 3075 668 3141 confestim
700 3075 832 3140 liberati
866 3096 887 3141 a
916 3075 1004 3140 malo
1027 3095 1092 3160 quo
1115 3075 1348 3162 gravabantur,
1363 3079 1492 3118 ⁰⁰²⁶⁵⁸¹⁶

295 3177 416 3262 gaudio
448 3197 567 3263 magno
599 3177 706 3263 gavisi
740 3181 825 3242 sunt.
873 3177 962 3243 Nam
993 3177 1087 3244 caeeis
1118 3178 1218 3256 visus,
1241 3179 1349 3244 surdis
1362 3135 1481 3253 maffia

293 3279 435 3357 auditus,
466 3279 592 3345 claudis
622 3280 776 3358 incessus,
808 3285 843 3345 et
874 3280 1057 3366 quibusque
1092 3280 1255 3346 debilibus
1288 3277 1446 3348 suaml-

293 3381 476 3468 integritas,
507 3383 602 3470 vigor
635 3382 760 3459 solitus,
787 3383 938 3469 proprius
972 3403 1060 3460 usus,
1083 3383 1256 3449 restitutus
1288 3389 1345 3450 est.

293 3482 377 3549 Vere
400 3483 487 3550 diem
510 3484 602 3549 illam
625 3484 752 3550 felicem
774 3489 810 3550 et
831 3484 953 3572 gaudio
977 3484 1116 3571 plenam,
1140 3507 1217 3552 vere
1239 3485 1346 3553 lucem

292 3587 363 3673 ejus
385 3585 468 3652 libet
489 3607 632 3652 asserere
657 3591 786 3674 gratam
809 3587 910 3652 fuisse
932 3591 1033 3673 atque
1056 3609 1211 3654 serenam.
1259 3589 1347 3670 Qun

290 3690 413 3754 etenim
436 3690 509 3754 fieri
532 3693 650 3776 posset,
674 3695 715 3754 ut
736 3689 817 3754 felix
840 3695 875 3755 et
896 3689 1018 3777 gaudio
1040 3690 1139 3777 plena
1160 3713 1228 3757 non
1251 3699 1344 3771 esset,

290 3811 364 3876 quae
396 3791 500 3856 tantis
531 3812 590 3877 per
611 3791 775 3877 adeptam,
799 3813 865 3877 qua
895 3791 953 3855 diu
975 3797 1157 3872 cameram,
1180 3813 1344 3880 quamque

290 3893 348 3958 diu
380 3892 656 3971 desideraverant,
690 3894 877 3972 sanitatem,
908 3892 1018 3960 felicia
1048 3895 1171 3981 gaudia
1201 3895 1344 3962 intulit?

291 3996 364 4077 Quo
398 3997 500 4062 etiam
533 4002 631 4084 pacto
661 4017 730 4064 non
761 4004 847 4064 esset
879 4002 975 4084 grata
1001 4003 1102 4083 atque
1124 4016 1247 4077 serena,
1270 4021 1344 4084 quae

289 4099 474 4166 incredulos
496 4121 517 4166 a
539 4099 732 4192 diffidentiae
765 4099 910 4166 tenebris
933 4105 1052 4179 erutos,
1075 4105 1111 4166 et
1132 4101 1179 4166 eis
1200 4103 1343 4190 gratiam

289 4223 355 4287 qua
380 4201 487 4269 lucem
517 4202 635 4289 gratiae
658 4203 722 4268 Dei
745 4202 906 4282 viderent,
929 4201 1161 4290 intelligerent,
1184 4212 1341 4283 amarent,

287 4305 438 4383 contulit,
472 4309 507 4370 et
538 4305 691 4370 omnibus
723 4303 758 4369 id
798 4305 1010 4370 audientibus
1041 4307 1194 4373 amissam
1228 4315 1343 4376 contra

287 4407 362 4474 illos
384 4409 491 4474 cordis
513 4409 725 4474 serenitatem
748 4409 921 4475 restituit?
945 4409 990 4475 Et
1011 4409 1082 4478 haec
1103 4415 1146 4489 te,
1170 4413 1224 4498 pie
1246 4419 1341 4500 pater

287 4512 421 4597 quidem
454 4511 826 4598 Oswalde,.respiciunt,
849 4511 920 4578 haec
953 4533 1020 4598 qua
1052 4513 1103 4578 sis'
1128 4535 1237 4580 coram
1269 4515 1340 4582 Deo

286 4615 394 4702 grstia
434 4615 592 4702 praeditus
626 4615 784 4695 indicant,
818 4615 889 4682 haec
925 4617 1140 4683 nihilominus
1177 4626 1339 4704 quantum

319 4813 327 4846 ¹
346 4813 379 4880 it]
399 4811 479 4873 hi,B.
873 4813 883 4848 ³
903 4815 968 4882 Qui]
991 4817 1134 4881 Quomodo,
1145 4819 1176 4870 B.

317 4893 328 4926 ²
348 4891 452 4958 eisdem]
472 4890 622 4955 hisdem,B.

375 4972 398 5024 Ο
410 4975 468 5022 575.
1181 4994 1205 5041 D
