3606 5798
621 906 702 956 nrrn
723 907 768 956 or
790 906 837 960 sr.
862 905 1024 961 uuum.
1279 895 1343 967 275

287 1087 414 1170 lelmus,
437 1097 472 1159 et
494 1093 694 1182 ubicumque
723 1095 869 1165 locorum
899 1096 1079 1164 transitum
1100 1095 1250 1182 faciebat,
1273 1117 1340 1167 oas-
1355 1111 1469 1163 waliam

286 1191 434 1274 timonis,
458 1216 497 1263 aa
527 1198 681 1284 puritate,
706 1203 741 1264 et
774 1197 910 1266 Divinae
946 1200 1204 1267 conversationis
1236 1185 1490 1312 gloria{⁴3³{J'g'1'ffi‘}⁰

286 1293 498 1364 laudabiliter
519 1298 676 1386 fulgebat.
732 1299 878 1366 Veniens
910 1301 1008 1380 enim,
1031 1306 1072 1368 ut
1105 1301 1245 1370 eoelestis
1267 1303 1339 1389 qui-
1353 1311 1474 1365 flnwel.

285 1396 362 1464 dam
399 1401 594 1488 negotiator,
626 1400 839 1470 mercimonia
873 1401 968 1468 verbi
1001 1403 1156 1469 salubris
1190 1405 1340 1484 advexit,
1354 1393 1433 1430 ΜΘ·

287 1504 323 1564 at
343 1505 414 1566 tam
445 1502 574 1590 plaeido
606 1502 787 1569 multorum
821 1508 950 1570 mentes
983 1503 1182 1572 refocillavit
1213 1505 1343 1584 auditu,

287 1604 327 1666 ut
348 1603 561 1672 audientibus
584 1625 659 1671 eum
681 1605 776 1673 nulla
804 1626 953 1692 unquam
982 1606 1120 1674 satietas
1141 1606 1342 1674 redderetur.

288 1701 341 1768 Ex
363 1704 468 1790 ipsius
498 1706 613 1792 itaque
643 1707 792 1774 adventu
828 1709 871 1774 ad
902 1708 992 1794 ipsas
1023 1707 1124 1774 eliam
1156 1708 1193 1772 in
1214 1708 1342 1776 ultimis
1354 1719 1503 1790 Heisvery

287 1806 439 1892 puseus
461 1808 676 1878 nasama
698 1809 848 1878 sessa
878 1809 1063 1878 reanum
1084 1811 1245 1892 nasone,
1268 1791 1507 1908 sueffigffl,

287 1909 339 1974 vis
370 1910 459 1992 odor,
482 1918 516 1978 et
550 1912 703 1978 divinum
735 1912 903 1999 quoddam
934 1912 1099 2000 respirans
1121 1920 1245 1982 sanotae
1266 1935 1341 1982 oon·
1354 1921 1504 1975 Yorkshire.

289 2013 487 2080 versationis
523 2035 606 2082 aura
639 2015 811 2102 pervenit3
850 2019 893 2094 et,
928 2015 1023 2100 quasi
1060 2015 1196 2102 quidam
1230 2017 1343 2084 radius
1597 2013 1600 2020 ’

286 2114 373 2192 solis,
395 2137 579 2202 erumpens,
601 2121 707 2182 totam
738 2116 882 2203 patriam
908 2115 1060 2182 claritate
1089 2118 1223 2204 superni
1245 2118 1343 2184 lumi-

287 2216 339 2282 nis
362 2215 553 2286 illustravit.
600 2217 677 2306 Ipse
706 2219 811 2308 igitur
841 2217 1065 2305 magistratus,
1089 2225 1123 2285 et
1145 2219 1343 2307 principales

288 2317 444 2398 civitatis,
468 2323 503 2386 et
524 2319 645 2405 reliqui
680 2319 769 2386 cives
803 2325 838 2386 et
869 2319 988 2406 plebei,
1011 2341 1141 2387 neonon
1174 2327 1210 2388 et
1242 2321 1344 2386 msti-

287 2421 361 2486 cani
394 2420 602 2500 laboratores,
627 2421 796 2508 ligonibus
827 2426 863 2488 ot
896 2422 1016 2490 aratris
1046 2421 1178 2502 radetis,
1209 2422 1343 2489 obviam

286 2522 346 2600 illi,
369 2524 529 2592 velutad
551 2525 663 2592 uberis
695 2525 815 2611 patriae
845 2524 985 2612 glebam,
1009 2524 1208 2592 festinanter
1229 2547 1341 2593 araur-

287 2625 416 2692 rebant.
462 2627 534 2695 Nee
567 2627 704 2715 pigebat
736 2626 838 2694 etiam
869 2627 966 2714 longa
1000 2629 1125 2714 positos
1159 2627 1344 2706 convenire,
1417 2691 1420 2698 ,

288 2728 366 2812 quia
403 2728 489 2794 nulli
523 2729 658 2816 longum
697 2729 875 2796 videbatur
902 2729 1048 2816 spatium
1070 2729 1226 2796 ueritatis.
1274 2730 1342 2796 Sio-

285 2835 325 2894 ut
348 2829 436 2896 enim
458 2831 539 2897 boni
570 2831 807 2918 eompatientes
842 2831 873 2896 ei
907 2831 944 2895 in
979 2830 1051 2917 ejus
1082 2827 1184 2897 exilio
1206 2831 1342 2898 exulare

285 2953 320 2996 se
343 2932 553 3020 reputabant,
575 2933 624 3001 sie
645 2934 682 2998 in
706 2933 778 3018 ejus
811 2933 922 3000 reditu
945 2953 980 2998 se
1002 2931 1184 3018 repatriare
1206 2953 1339 3000 oenone-

284 3039 373 3100 runt
421 3035 608 3102 Omrebant
639 3035 754 3123 populi
788 3036 833 3102 ad
863 3034 1012 3122 populos,
1035 3040 1070 3100 et
1101 3055 1214 3102 omnes
1241 3035 1277 3100 in
1300 3041 1504 3110 eoTher'orof

1350 3110 1395 3160 the
1405 3112 1494 3176 people
1576 3145 1579 3154 ·

284 3136 480 3222 recipiendo,
504 3137 598 3224 quasi
621 3138 721 3202 unius
743 3136 948 3224 integerrimi
978 3135 1077 3203 amici
1099 3137 1232 3202 vultum
1255 3157 1337 3222 prae-
1352 3176 1471 3229 „sm⁸

284 3238 475 3318 tendebant,
513 3245 548 3305 et
585 3239 688 3327 rapiti
724 3259 784 3305 suo
822 3239 969 3306 membra
1006 3237 1124 3306 sooiari
1160 3239 1341 3326 gaudentia

284 3343 388 3429 ipsius
411 3344 487 3410 visu
509 3365 577 3410 non
599 3350 755 3432 poterant
769 3345 892 3411 satiari.
932 3343 1014 3412 Erat
1029 3344 1118 3410 enim
1141 3344 1341 3432 tranquillus

285 3445 440 3525 moribus,
462 3451 498 3512 et
520 3467 654 3512 serenus
677 3452 820 3533 aspectu.

329 3547 453 3614 Verum
476 3569 551 3615 oum
586 3549 736 3616 civitatis
771 3552 907 3635 pontem
938 3551 1014 3634 post
1048 3551 1174 3633 patrem
1196 3547 1338 3613 transire
1353 3555 1422 3634 oure

284 3648 386 3715 vellet
408 3650 579 3717 effraenata
609 3650 753 3716 filiorum
778 3647 970 3727 multitudo,
993 3647 1191 3734 populorum
1214 3624 1443 3740 ponde-{Q

284 3751 420 3818 rositate
453 3756 555 3839 rupta
587 3757 639 3820 est
670 3751 772 3838 lignei
806 3751 918 3837 pontis
949 3769 1115 3836 compago.
1162 3747 1218 3816 Ita
1239 3750 1337 3836 quod,
1350 3757 1497 3833 nomana

285 3853 485 3921 horrendum
517 3855 594 3921 visu
631 3859 666 3921 et
704 3853 905 3940 stupendum
942 3851 1068 3919 relatu!
1105 3851 1263 3929 virorum,
1300 3823 1455 3940 auiehffssf}
1467 3837 1482 3872 ³

284 3956 469 4038 mulierum,
499 3961 534 4022 et
563 3947 740 4043 praeeipue'
759 3955 939 4021 infantium
971 3953 1152 4020 innumerae
1186 3952 1434 4019 mutilo-soene·
1499 3997 1501 4002 ,

284 4057 378 4124 dines
400 4059 581 4126 aoervatim
603 4059 693 4124 inter
714 4057 829 4144 rapida
859 4056 955 4121 fluvii
985 4055 1112 4121 fluenta
1142 4055 1339 4136 assiderunt,

285 4160 343 4225 ubi
365 4159 530 4248 profunda
562 4160 710 4226 fluminis
743 4158 929 4226 habebatur
961 4157 1113 4234 altitudo,
1136 4157 1251 4222 mixtis
1281 4157 1340 4224 ho-

284 4261 429 4328 minibus
460 4262 554 4350 equis
586 4260 776 4348 phaleratis.
823 4259 974 4344 Cumque
997 4279 1119 4344 pavore
1153 4258 1282 4344 ingenti
1305 4263 1340 4326 at

283 4363 479 4430 multiformi
500 4364 723 4452 trepidatione
745 4382 858 4430 omnes
881 4361 940 4448 qui
962 4359 1101 4426 aderant
1124 4365 1234 4426 essent
1262 4381 1340 4428 eon·

282 4465 357 4545 fusi,
380 4468 518 4536 ooelestis
541 4469 687 4535 dexterae
709 4471 844 4533 ruentes
865 4463 1089 4530 fulciebantur
1110 4461 1244 4529 auxilio.
1261 4477 1264 4486 ·
1283 4462 1338 4528 Ad
1351 4466 1466 4520 william

282 4569 456 4638 subversos
479 4571 568 4637 enim
590 4576 642 4638 eet
664 4589 839 4639 conversus
862 4566 1020 4655 praelatus
1042 4565 1196 4630 omnibus
1218 4565 1336 4651 praedi·
1350 4537 1495 4653 fflffl

282 4671 416 4751 candus,
440 4677 475 4738 et
497 4673 658 4760 populum
681 4672 807 4738 insanis
841 4669 941 4734 undis
974 4667 1123 4753 undique
1146 4667 1338 4733 involutum
1352 4667 1500 4734 riguetus

283 4773 455 4842 salutifero
478 4775 572 4864 signo
588 4775 694 4846 oruois
708 4771 903 4862 insignivit3
926 4773 961 4838 et
975 4769 1139 4838 resolutus
1162 4769 1199 4834 in
1214 4769 1338 4851 fletum,
1352 4749 1431 4867 ἓξὲξ
1440 4737 1493 4853 333

1141 4887 1205 4950 82
