3530 5790
622 907 859 958 nucumsuors
881 909 925 957 or
948 907 1052 956 rosx.
1293 892 1356 956 365

698 1204 753 1269 Du
776 1203 959 1270 omno}

354 1391 536 1457 Vicesimus
559 1397 672 1457 sextus
697 1393 893 1458 Eborucensi
916 1393 1059 1458 ecolesiae
1081 1393 1284 1456 substitutus
1310 1396 1473 1455 estGerarc

310 1493 469 1558 Girerdus
492 1495 532 1559 de
557 1494 791 1560 Herefcrdensi
815 1497 1005 1581 episcopatu
1028 1495 1070 1559 ed
1104 1494 1360 1581 archiepiscope
1372 1469 1506 1586 lfffig’ffi

141 1595 284 1659 Hagnpp.
309 1603 381 1662 tum
404 1607 570 1665 translatus.
616 1598 684 1664 Isis
706 1599 772 1663 fuit
794 1608 934 1663 Willehni
951 1607 1042 1662 Primi
1065 1613 1094 1661 et
1111 1607 1235 1662 Secundi
1258 1623 1360 1676 regum
1373 1606 1492 1680 succeeds

140 1666 246 1712 ¹⁰⁹⁴&
309 1697 508 1761 concellarius,
533 1698 654 1752 scicntia
676 1703 705 1752 et
727 1698 892 1768 eloquentia
915 1715 967 1752 suo
989 1703 1119 1767 tompore
1141 1696 1240 1766 paucis
1257 1713 1358 1750 secun·
1372 1668 1434 1719 lum·

308 1786 371 1841 dus.
418 1779 472 1841 Ab
487 1775 571 1866 hoc-²
593 1777 777 1854 Auselmus
792 1799 925 1856 suorum
941 1778 1102 1842 instinctu
1117 1775 1359 1855 monachorum,
1373 1793 1429 1843 The

308 1879 541 1966 professionem
564 1891 668 1960 exegit.
714 1881 758 1945 El
782 1881 860 1964 quio
882 1881 952 1966 ipsc
976 1878 1133 1944 Girardus
1156 1878 1276 1957 renuit,
1293 1887 1359 1943 lite-
1372 1861 1507 1978 ffiffie

308 1997 355 2033 ras
379 1997 449 2050 quas
471 1969 514 2034 ab
537 1992 575 2036 eo
598 1979 635 2034 od
657 1997 762 2051 papum
785 1979 910 2050 petebat,
934 1995 986 2050 pro
1009 1977 1176 2033 dimissione
1202 1983 1232 2032 et
1266 1983 1360 2032 trene-
1373 1993 1512 2056 psoreflfliml

309 2069 417 2123 lotione
439 2081 506 2136 sua,
531 2076 560 2124 et
583 2081 642 2144 pro
668 2069 751 2140 pallii
784 2069 971 2140 requisitione
1005 2067 1055 2122 din
1087 2065 1199 2122 tradere
1233 2068 1359 2136 negavit.
1374 2059 1527 2111 issrenewed·

309 2149 456 2213 Tandem
488 2150 667 2235 promisso,
690 2177 720 2213 se
742 2171 763 2214 a
797 2149 901 2213 Roma
935 2175 1080 2212 reversum
1115 2155 1252 2228 quicquid
1282 2154 1361 2226 juste

309 2236 442 2304 deberet
465 2247 619 2314 sucturum,
643 2239 785 2324 acceptis
808 2237 897 2302 illius
919 2238 1024 2302 literis
1048 2245 1170 2302 Romam
1205 2246 1359 2318 profectus,

309 2339 420 2408 aliquot
442 2337 503 2394 dies
526 2337 566 2392 ibi
590 2343 718 2392 moratus
740 2343 793 2402 est,
817 2333 888 2391 ubi³
911 2337 941 2391 iu
965 2337 1096 2408 pluribus
1128 2353 1278 2390 censorum
1312 2353 1359 2390 ec-

310 2421 460 2493 tionibus,⁴
482 2427 602 2482 scientie
617 2431 647 2482 et
669 2427 805 2481 facundie
827 2418 975 2502 probola,
996 2417 1066 2502 ipse
1089 2444 1107 2480 u
1128 2443 1204 2497 pape
1227 2425 1359 2480 Peschuli

307 2521 338 2570 et
359 2531 377 2569 o
399 2521 461 2572 tote
484 2517 563 2572 curio
596 2517 763 2581 honoratus,
787 2523 817 2571 et
850 2515 1003 2586 magnifice
1037 2515 1179 2580 leudutue,
1212 2511 1359 2590 accepto·
1374 2527 1413 2576 Hs
1421 2529 1529 2579 receives

308 2617 372 2682 que
385 2607 430 2661 eb
452 2605 621 2678 Apostolica
652 2606 718 2661 sede
748 2595 849 2682 pellic
872 2601 907 2660 et
928 2595 1101 2682 privilegio
1133 2617 1208 2660 cum
1239 2595 1360 2681 gaudio
1373 2596 1416 2643 ¹¹¹0
1429 2595 1479 2658 pall

307 2721 458 2764 reversus
481 2705 539 2778 est,
561 2720 622 2765 nec
645 2699 685 2764 de
708 2697 906 2784 professione
922 2699 1096 2784 quisquam
1111 2698 1269 2763 adversus
1285 2719 1361 2762 eum
1373 2669 1399 2710 Μ
1411 2661 1500 2712 Rome.

309 2799 437 2866 locutus
472 2805 545 2880 est3
583 2821 782 2885 quemquem
816 2821 837 2865 o
872 2799 1069 2884 quibusdam
1101 2797 1277 2865 confictum
1307 2799 1360 2876 sit,

309 2903 397 2988 quod
413 2901 505 2988 ipse⁵
526 2901 685 2967 Girordus
700 2901 841 2988 septimo
857 2899 1176 2987 archiepiscopatus⁶
1197 2903 1249 2966 sui
1264 2923 1361 2978 anno,

285 3026 410 3090 ,menn
444 3025 505 3068 sue
536 3004 690 3088 imposito
720 3025 822 3067 muuu
855 3002 1016 3082 Auselmi,
1040 3003 1205 3088 pollicitus
1237 3003 1289 3078 sit,
1327 3024 1361 3066 se

310 3106 401 3170 illem
428 3105 664 3190 subjectionem
687 3111 722 3170 et
744 3105 968 3170 obedientiam
990 3104 1055 3190 ipsi
1088 3105 1125 3168 in
1147 3103 1360 3190 archiepisco-

310 3213 392 3293 patu
416 3207 652 3287 exhibiturum,
676 3228 775 3292 quam
809 3205 1042 3271 Herefcrdensi
1074 3206 1217 3272 ecclesiae
1248 3206 1292 3271 ub
1323 3227 1361 3271 eo

310 3310 487 3374 sacrandus
524 3311 694 3396 episcopus
731 3310 933 3394 promiserat.
981 3308 1077 3388 Quod
1104 3309 1297 3395 diligentius
1329 3315 1363 3374 et

310 3411 489 3478 secundum
512 3411 668 3497 temporis
691 3431 885 3497 processum,
908 3416 943 3475 et
965 3411 1145 3476 secundum
1160 3411 1297 3476 rationis
1313 3412 1363 3474 iu·

310 3515 435 3579 tuitum
458 3535 479 3579 e
501 3514 720 3600 prudentibus
735 3514 986 3590 consideratum,
1002 3513 1097 3578 focile
1119 3514 1248 3598 patebit
1263 3535 1361 3598 quam

310 3617 397 3681 sita
430 3618 571 3682 veritate
605 3615 758 3680 alienum.
806 3615 872 3695 Qui
895 3616 982 3679 enim
1015 3621 1193 3700 antequam
1224 3617 1362 3680 Romam

310 3719 449 3803 pellium
471 3718 636 3804 petiturus
658 3723 817 3803 pergeret,
840 3717 901 3782 hoc
936 3718 1070 3782 omnino
1103 3718 1208 3782 fucere
1242 3719 1362 3796 renuit,

311 3843 475 3906 regressus
499 3843 519 3885 o
541 3818 647 3883 Roma
669 3823 703 3884 et
718 3818 819 3904 pallio
834 3819 868 3882 in
893 3817 1173 3905 archiepiscopatu
1190 3821 1362 3884 confirmo·

312 3927 375 4001 tus,
398 3920 484 4007 qua⁷
506 3922 701 3986 necessitate
724 3923 837 4007 paucis
860 3927 937 3986 ente
961 3921 1089 3986 obitum
1111 3943 1208 3986 suum
1242 3923 1359 3987 mensi-

312 4025 373 4090 bus
396 4025 432 4090 id
455 4025 561 4090 iecere
584 4029 635 4089 est
657 4027 816 4090 coactus?
839 4023 893 4088 Ad
927 4022 989 4088 hoc
1020 4021 1169 4102 cecedit,⁸
1191 4025 1280 4109 quod
1302 4046 1361 4090 rex
1458 4027 1460 4034 '

346 4262 354 4295 ¹
375 4261 503 4327 Girardo]
527 4260 719 4324 archiepiscopo
744 4261 813 4310 Ebo-
861 4259 1095 4310 secuudiulsudutc
1117 4262 1302 4324 etapprobata,
1315 4263 1361 4323 C.;

312 4341 417 4403 recensi,
428 4344 474 4392 ins.
486 4341 518 4390 Ε.
531 4342 562 4392 G.
597 4341 639 4392 No
651 4339 705 4390 title
716 4339 743 4388 iu
752 4339 785 4387 D.
862 4339 906 4388 ubi
918 4345 943 4389 et
956 4337 1054 4402 (etiem,
1062 4339 1108 4400 G.)
1120 4339 1227 4390 scientie
1238 4348 1264 4390 et
1274 4339 1362 4392 iucun-

345 4421 356 4454 ¹
368 4418 601 4486 paucisserundus.
637 4417 677 4468 At
690 4417 748 4484 hoc]
776 4417 811 4468 la·
860 4415 903 4468 dis
913 4418 1027 4482 probate,
1038 4417 1070 4466 B.
1082 4419 1111 4467 F.
1125 4418 1158 4469 G.

312 4503 418 4562 enudus,
429 4507 456 4550 et
467 4501 500 4550 eb
512 4514 550 4558 eo,
563 4499 596 4550 G.
895 4495 905 4526 ⁵
922 4495 988 4561 ipse]
1009 4496 1062 4557 illc,
1075 4497 1107 4546 A.
1119 4497 1148 4546 B.
1162 4497 1190 4549 C.
1202 4493 1274 4550 liu.
1287 4501 1316 4551 F.
1330 4503 1362 4553 G.

344 4577 355 4610 ⁸
372 4578 426 4644 uei]
448 4585 485 4640 ut,
497 4577 531 4628 A.
543 4579 574 4627 B.
587 4577 617 4628 C.
630 4577 663 4626 D.
676 4577 705 4626 E.
719 4577 747 4626 F.
761 4576 794 4628 G.
895 4574 905 4606 ⁶
922 4575 1165 4642 archiepiscopatus]
1195 4577 1363 4646 episcopatus,

345 4656 524 4722 ⁴ccticnibus]
545 4655 588 4705 ubi
607 4655 684 4706 etiem
703 4655 729 4704 iu
749 4671 811 4719 pros·
862 4655 895 4704 Α.

312 4736 394 4787 nutis
413 4737 468 4800 ejus
486 4743 513 4786 et
530 4733 649 4785 &cundia
668 4734 769 4784 hodite
786 4743 813 4784 et
896 4731 986 4797 ⁷cuo]
1007 4731 1087 4796 qussi,
1099 4732 1129 4782 Β.
1141 4733 1172 4782 Ε.

314 4815 462 4880 approbate,
473 4813 506 4863 A.
518 4813 565 4874 B.;
589 4811 694 4864 scientie
711 4812 766 4874 ejus
787 4819 812 4864 et
893 4810 1032 4878 ⁸uccedit]
1051 4811 1152 4875 occidit,
1163 4813 1196 4866 G.
