3606 5798
536 931 579 980 ro
602 929 774 984 ostiarus
797 933 831 982 11.
856 932 972 984 eeoor
995 934 1155 985 russum.
1307 923 1372 988 243

315 1111 532 1194 perversitas!
555 1111 583 1176 si
606 1110 681 1197 plus
703 1111 815 1178 valeat
829 1119 997 1198 usurpatae
1012 1113 1210 1180 temeritatis
1232 1113 1371 1180 audacia
1429 1197 1432 1203 ἱ

315 1233 416 1296 quam
438 1211 606 1278 diuturnae
629 1219 663 1278 et
685 1213 886 1281 inconcussae
908 1214 1061 1281 veritatis
1083 1215 1152 1282 fida
1174 1210 1337 1282 memoria

361 1311 487 1380 Contra
517 1313 707 1400 hujusmodi
739 1315 805 1382 Leo
842 1336 929 1402 papa
966 1316 1014 1384 sio
1044 1317 1183 1383 scribit:
1211 1326 1274 1383 Neo
1305 1343 1368 1382 mos
1380 1343 1535 1408 opiniones

218 1439 222 1444 ·
314 1429 368 1468 neo
399 1411 515 1469 noviter
536 1413 703 1470 introducta
724 1413 782 1470 luit
818 1415 996 1471 consuetudo
1018 1415 1147 1472 eeclesia
1170 1420 1278 1472 nostrae
1300 1433 1367 1472 oon·
1380 1411 1496 1464 1100111·

315 1505 361 1556 tra
382 1501 503 1576 antiqua
536 1507 655 1570 statuta,
678 1511 755 1559 noro
786 1505 833 1560 vel
865 1503 1005 1560 inusitata
1028 1522 1212 1577 praesumare,
1236 1505 1312 1560 siout
1333 1479 1535 1597 exffisszssiou·

314 1596 446 1648 veterum
468 1592 655 1650 historiarum
682 1592 854 1650 auctoritate
876 1593 1050 1662 didicimus;
1074 1594 1228 1662 credimus,
1251 1601 1370 1667 propter

180 1717 187 1730 .
315 1681 392 1752 quod
406 1685 436 1738 et
452 1681 607 1754 loquimur.
653 1672 736 1740 Haeo
758 1673 825 1738 fuit
849 1678 920 1740 toto
942 1673 1127 1760 Anglorum
1150 1679 1296 1760 tempore
1318 1697 1370 1741 ec·

315 1759 421 1826 clesiae
459 1761 707 1829 Oantuariensis
738 1755 846 1850 prima'
872 1763 1078 1830 excellentia.
1124 1763 1153 1830 Ο
1180 1763 1369 1830 beatissime

316 1885 403 1950 papa
426 1867 460 1931 et
482 1864 578 1932 unice
600 1864 733 1931 colende
757 1869 869 1951 pater!
916 1865 1082 1932 Caeterum
1104 1869 1177 1932 toto
1200 1856 1369 1950 hoc'Nor-

315 1987 511 2032 marmorum
548 1972 697 2054 tempore
735 1967 877 2053 qualiter
923 1968 1011 2034 inter
1049 1967 1303 2034 Centuarienses
1337 1973 1372 2034 et

315 2067 534 2136 Eboracenses
560 2069 759 2146 convenerit,
781 2089 923 2156 presens
957 2074 992 2136 et
1025 2069 1106 2136 viva
1136 2069 1293 2136 memoria
1315 2069 1371 2134 de-

314 2169 460 2237 clarabit.
505 2169 676 2257 Siquidem
702 2169 947 2238 aNormannis
978 2171 1101 2258 Anglia
1131 2169 1510 2248 detenuissemus

315 2271 401 2338 sicut
423 2279 501 2339 anto
527 2272 653 2340 dictum
677 2277 736 2351 est,
759 2272 921 2362 stigando
958 2273 1115 2360 deposito,
1139 2295 1214 2338 oum
1236 2285 1369 2339 vacaret
1380 2247 1539 2379 qqppgpqrcri-

315 2374 449 2440 ccclesia
482 2372 738 2452 Oantuariensis,
772 2375 894 2440 clectus
932 2380 982 2440 est
1019 2376 1055 2439 in
1088 2373 1368 2460 archiepiscopum

317 2475 518 2544 Lansranous
546 2475 760 2543 Cadomensis
791 2477 901 2555 abbas,
924 2477 978 2541 vir
1011 2475 1312 2554 reverendissimus,
1334 2481 1370 2543 et

317 2578 424 2644 omnis
457 2585 528 2646 torn
551 2578 686 2645 Divinae
718 2599 817 2664 quam
841 2578 1008 2646 saecularis
1031 2573 1251 2664 philosophiae
1282 2580 1369 2666 peri-

315 2679 472 2761 tissimus,
510 2686 546 2748 et
583 2681 687 2748 totius
724 2680 918 2748 Latinitatis
956 2681 1114 2768 magister
1150 2681 1367 2748 doctissimus.

317 2781 383 2862 Qui
405 2787 613 2848 consecratus
643 2783 680 2848 in
704 2781 781 2848 sede
803 2783 937 2870 proprie
958 2803 979 2848 a
1001 2783 1078 2860 suis,
1101 2782 1264 2848 invitavit
1285 2781 1367 2848 eleo-
1380 2799 1492 2850 Recon-

314 2888 387 2949 tum
421 2884 669 2964 Eboraoensem,
692 2884 802 2950 vinum
835 2885 983 2952 honestae
1014 2883 1187 2962 eastitatis,
1217 2889 1253 2950 et
1283 2871 1492 2983 beneifffi:
1503 2931 1534 2981 of

314 2985 492 3064 literatum,
538 2987 697 3054 Thomam
743 2987 884 3064 nomine,
934 2985 1092 3072 quatinus
1137 2986 1180 3052 ad
1225 2985 1365 3072 primam
1379 2998 1524 3076 roflano·
1624 2989 1627 2998 ⁴

314 3087 424 3153 sedem
455 3086 739 3156 Oantrrariensem·
760 3087 997 3156 consecrandus
1028 3085 1210 3154 adveniret.
1256 3085 1367 3164 Venit,
1379 3065 1539 3196 ffr‘ffiofflu

314 3182 351 3255 et'
379 3189 527 3276 profiteri
559 3190 705 3257 monitus
737 3189 844 3277 primo
876 3187 1018 3268 distulit,
1041 3189 1176 3256 tandem
1199 3189 1275 3276 post
1297 3188 1368 3256 haeo

314 3291 487 3378 professus,
510 3296 717 3360 consecratus
740 3297 798 3358 est.

360 3393 492 3460 interea
514 3394 654 3460 Romam
677 3393 774 3460 ambo
797 3393 946 3472 veniunt,
971 3399 1005 3460 et
1028 3393 1117 3480 apud
1140 3391 1369 3460 Alexandrum

314 3517 434 3583 papam
466 3495 508 3562 de
530 3495 639 3584 palliis
669 3517 793 3562 morem
815 3501 944 3583 gerunt.
990 3495 1151 3564 Fortassis
1172 3497 1369 3583 arrogantiae

314 3598 485 3665 videretur
518 3599 652 3676 edicere,
687 3604 813 3684 quanta
846 3601 928 3664 tunc
961 3597 1147 3664 reverentia
1184 3597 1370 3662 Lanfranco

315 3700 404 3786 apud
436 3699 547 3766 sedem
572 3698 798 3786 Apostolioam
829 3698 1022 3786 assurgitur,
1045 3697 1100 3764 vel
1131 3704 1258 3784 quanta
1290 3697 1367 3762 sub-

312 3801 456 3887 jectione
489 3799 692 3868 Lanlranous
726 3799 878 3868 omnibus
911 3800 1027 3866 diebus
1064 3799 1133 3864 suis
1169 3797 1369 3886 Apostolicae

315 3902 500 3988 majestatis
522 3901 698 3989 imperium
724 3902 942 3989 prosequitur.
988 3901 1141 3986 Acceptis
1164 3901 1277 3986 itaque
1299 3901 1369 3987 psl·

316 4003 378 4083 liis,
402 4003 544 4070 Thomas
567 4003 608 4070 de
642 4005 792 4090 appetita
824 4008 858 4070 et
880 4007 1015 4088 accepts
1036 4001 1238 4088 professione
1261 4021 1370 4068 coram
1408 4001 1409 4004 ’

316 4128 404 4194 papa
434 4105 632 4173 calumniam
664 4111 785 4185 movet,
817 4111 852 4171 et
889 4105 1093 4172 Lanfranam
1131 4125 1191 4190 pro
1228 4103 1299 4172 loco
1337 4107 1370 4170 ct

316 4214 464 4295 tempore
502 4208 646 4277 ecclesiae
692 4231 761 4276 suaa
804 4209 980 4296 privilegia
1017 4207 1162 4274 exhibet.
1208 4207 1255 4275 At
1292 4229 1371 4273 vero

317 4311 470 4376 dominus
501 4331 589 4400 papa
619 4312 706 4378 bona
739 4311 975 4378 deliberatione
1006 4309 1173 4397 praecepit,
1208 4313 1372 4394 quatenus

317 4418 457 4499 uterque
489 4417 677 4480 revertatur
705 4413 750 4479 ad
783 4413 923 4500 propria,
954 4416 988 4478 et
1019 4409 1163 4478 collectis
1194 4411 1230 4475 in
1267 4431 1373 4477 unum

317 4513 498 4600 majoribus
532 4519 623 4594 natu,
646 4520 717 4581 tem
745 4514 905 4602 episcopis
927 4533 1027 4600 quam
1050 4511 1215 4579 nobilibus
1238 4511 1373 4578 Britan·

317 4616 392 4694 niae,
415 4615 548 4683 illorum
582 4617 739 4684 memoria
784 4621 818 4682 et
849 4619 1000 4682 veterum
1031 4613 1245 4681 historiarum
1279 4613 1373 4680 testi·

318 4720 429 4786 monio
464 4719 560 4787 tanta
593 4721 740 4788 discissio
766 4719 969 4786 tenninetur.
1016 4716 1288 4804 Igiturperaetis
1310 4715 1372 4794 his,
1388 4721 1543 4786 'Phame-

318 4821 404 4910 nihil
442 4821 534 4889 aliud
572 4821 706 4890 diffiniri
732 4821 864 4910 potuit,
902 4840 1003 4907 quam
1036 4819 1124 4908 quod
1162 4817 1371 4887 ecclesiarum
1383 4790 1546 4914 ffibffisp

1157 4935 1237 5018 ,οἳ
