3530 5790
384 904 449 966 362
739 912 937 964 carcasona
960 911 1004 963 or
1026 912 1096 962 rna

383 1103 553 1180 auderent,
576 1104 758 1170 sedetiam
781 1105 981 1190 persistendi
1004 1105 1040 1168 iu
1063 1103 1173 1190 patria
1190 1123 1282 1189 spem
1306 1101 1438 1166 omnino

383 1227 451 1269 non
474 1204 641 1270 haberent
688 1205 900 1270 Rotundatur
923 1207 1036 1291 itaque
1067 1227 1180 1270 eorum
1203 1203 1438 1279 malivolentia,

384 1307 440 1391 qui
464 1307 573 1392 ipsmu
588 1307 872 1394 archiepiscopum,
892 1308 1008 1373 invida
1023 1308 1227 1372 detractione
1250 1305 1438 1393 suggillant,

384 1408 473 1493 quod
495 1409 638 1475 ecclesiae
661 1409 776 1474 Sancti
799 1407 889 1473 Petri
913 1415 1018 1475 terras
1040 1409 1163 1474 multas
1185 1415 1220 1474 et
1242 1408 1350 1494 largas
1372 1428 1439 1472 non

385 1510 587 1596 adquisierit,
610 1532 685 1575 cum
715 1512 786 1596 ipse
809 1511 986 1589 neminem,
1007 1511 1065 1598 qui
1099 1533 1154 1576 aas
1186 1510 1365 1575 formidine
1387 1509 1438 1572 in-

385 1612 512 1698 digenae
543 1613 660 1699 gentis,
691 1617 726 1677 et
758 1612 890 1678 horrore
913 1617 1019 1679 vastae
1051 1613 1242 1678 solitudinis
1274 1612 1437 1698 suscipere

376 1706 531 1792 auderet,
555 1715 730 1779 invenerit.

430 1817 496 1881 Sed
518 1817 600 1902 quid
630 1818 665 1882 in
696 1817 749 1881 his
783 1818 1019 1882 immoramur?
1065 1817 1271 1885 Omittamus
1303 1837 1342 1883 aa
1364 1838 1437 1903 quse

385 1920 453 2005 ipse
488 1941 547 2005 pro
567 1919 835 2006 impossibilitate
858 1941 926 1984 non
947 1919 1035 1996 fecit,
1059 1925 1093 1986 et
1115 1920 1291 2006 loquamur
1314 1920 1356 1984 de
1387 1919 1437 1984 his

384 2043 458 2106 quae
482 2023 552 2107 ipse
574 2043 668 2108 paene
691 2022 780 2088 ultra
802 2022 1055 2108 possibilitatem
1079 2045 1172 2088 suam
1194 2022 1283 2088 lecit.

488 2271 615 2354 Quoo¹
639 2289 828 2340 samsona
851 2291 1042 2342 nrsraassu
1065 2292 1315 2342 aavocavarur.

216 2454 328 2506 Thomas
431 2458 475 2513 De
490 2464 600 2530 septem
616 2459 763 2515 canonicis
781 2462 848 2529 (non
872 2460 951 2515 enim
975 2461 1072 2532 plures
1087 2461 1212 2526 fuerant)
1229 2467 1288 2517 tres
1304 2457 1435 2518 tantum
1449 2457 1542 2523 Hugh»
1553 2473 1577 2522 p

215 2528 333 2638 ‘ffiffn
360 2607 364 2616 ,
386 2549 534 2619 repperit;
557 2541 667 2605 caeleri
690 2549 737 2604 vel
760 2551 868 2604 mortui
891 2548 995 2616 erant,
1013 2552 1059 2606 rel
1075 2556 1165 2616 metu,
1183 2541 1236 2606 vel
1260 2551 1436 2608 desolatione
1451 2528 1507 2573 ¹⁰⁸·

216 2605 365 2719 agathes&
387 2630 504 2714 patriae
528 2629 717 2694 exulabant.
753 2641 889 2695 Ecclesiae
913 2658 982 2694 rero
997 2646 1182 2712 recooperta,
1199 2647 1229 2695 et
1248 2640 1333 2711 juxta
1348 2642 1436 2697 facul-

216 2721 300 2786 again.
389 2717 502 2782 tatem2
539 2746 620 2782 suam
665 2735 826 2794 restructae,
862 2731 1015 2785 canonicos
1047 2748 1118 2801 quos
1153 2731 1267 2785 invenit
1298 2733 1436 2795 restituit,

387 2817 529 2886 dispersos
551 2819 707 2882 revocavit,
731 2824 761 2873 et
783 2819 895 2890 aliquos
917 2818 1039 2884 addidit,
1063 2820 1247 2874 refectorium
1277 2825 1308 2875 et
1329 2821 1436 2875 dormi-

385 2907 493 2960 torium
516 2908 626 2971 refecit,
651 2909 839 2980 praepositum
862 2909 1015 2963 constituit
1037 2910 1086 2980 qui
1103 2911 1216 2964 caeteris
1239 2915 1385 2981 praeesset,
1408 2917 1439 2966 ct

384 3014 432 3050 eos
456 3001 630 3067 procuraret.
677 2997 771 3052 Villas
806 2997 918 3070 aliquas
951 3003 982 3052 et
1003 2988 1117 3053 terras³
1138 3004 1168 3053 et
1190 2999 1325 3054 ecclesias
1347 2999 1438 3066 dedit,

385 3091 414 3138 ct
460 3085 570 3140 ablatas
618 3086 768 3152 reddidit;
802 3077 952 3159 plurima⁴
983 3087 1018 3142 de
1052 3106 1104 3142 suo
1141 3089 1258 3159 proprio
1292 3090 1439 3144 canomcis

385 3177 545 3230 necessaria
590 3171 834 3242 amministravit;
873 3182 903 3232 et
945 3177 1161 3232 archidiaconos
1199 3197 1250 3248 per
1290 3177 1438 3234 dioecesim

385 3265 493 3319 divisit.

218 3356 372 3434 lhetwelre
430 3355 497 3425 Ipse
520 3372 587 3408 vero
610 3355 685 3409 dono
700 3356 778 3425 regis
793 3355 972 3427 aliquamdiu
988 3357 1037 3410 xii.
1053 3356 1137 3411 villas
1153 3357 1265 3422 habuit,
1286 3375 1357 3430 quas
1380 3349 1439 3413 Al-

218 3423 329 3539 ’31θέῧῖ
386 3434 505 3498 dredus
529 3443 565 3497 de
588 3445 773 3514 Wigornensi
796 3446 964 3516 episcopatu
986 3437 1190 3514 retinuerat-3
1212 3447 1262 3501 sed
1282 3465 1330 3502 aas
1352 3449 1439 3504 moli·

217 3505 371 3606 moestior,
385 3535 464 3588 mine
487 3533 642 3588 Lansranci
665 3535 692 3589 ei
715 3553 764 3589 rex
788 3535 916 3590 abstulit.

217 3646 345 3712 Appoint,
429 3623 524 3677 Annis
548 3616 699 3693 pluribus⁵
721 3625 867 3678 canonicis
890 3625 1082 3680 communiter
1096 3626 1289 3691 vescentibus,
1311 3645 1437 3698 quorun-

217 3715 358 3792 desn,pre-
385 3713 451 3766 dam
475 3713 595 3767 consilio
618 3713 728 3784 placuit
749 3713 962 3785 archiepiscopo
986 3713 1113 3770 deterre
1136 3715 1237 3770 Sancti
1259 3715 1348 3781 Petri,
1373 3734 1437 3788 qua

217 3781 361 3896 zandapa,
385 3802 510 3856 multum
548 3801 643 3857 adhuc
676 3807 789 3858 vastata
826 3808 898 3868 emt,
936 3795 1083 3880 singulas
1120 3805 1290 3875 praebendas
1324 3807 1435 3876 partiri.

217 3863 301 3965 pgffi
386 3889 466 3946 Tunc
490 3882 622 3967 quidem
646 3893 747 3946 statuit
769 3892 920 3958 decanum,
940 3893 1161 3959 thesaurarium,
1178 3900 1335 3960 cantorem,
1359 3907 1436 3950 nam

385 3983 557 4052 magistrum
573 3981 715 4036 scolarum
738 3987 806 4036 ante
821 3987 969 4037 statuerat.
1010 3983 1177 4050 Ecclesiam,
1199 4002 1264 4055 quse
1280 4003 1359 4039 nunc
1381 3990 1434 4048 est,

385 4062 646 4126 afundamentis
668 4071 746 4136 fecit,
770 4077 800 4126 et
825 4089 889 4126 eam
921 4070 1042 4138 clericis,
1068 4073 1160 4138 libris,
1193 4070 1228 4129 et
1259 4076 1435 4130 ornamentis

385 4164 500 4216 ornavit
537 4166 567 4216 et
604 4162 739 4216 munivit.
785 4161 847 4217 Nec
869 4153 953 4216 tam⁰
974 4161 1129 4233 cuiuslibet
1150 4164 1192 4218 rei
1225 4182 1313 4236 qnam
1346 4165 1437 4221 bonos

385 4255 415 4304 et
436 4251 571 4306 honestos
594 4251 712 4306 clericos
727 4250 853 4306 habendi
868 4251 991 4324 cupidus
1013 4253 1089 4322 fuit,
1113 4265 1189 4310 cum
1205 4244 1325 4330 quibus
1348 4267 1438 4310 nunc

411 4420 414 4424 .
441 4419 545 4425 υ...-
769 4420 959 4428 ——n——w
983 4422 1025 4428 ..-

421 4519 428 4551 ¹
450 4519 537 4587 Quod]
558 4518 676 4581 Qualiter
683 4519 743 4584 ipse,
752 4521 781 4570 C.
808 4519 885 4580 Quod
969 4520 1117 4586 4ρὶιινίηια]
1138 4521 1282 4585 plurimum,
1290 4525 1320 4573 B.
1329 4523 1359 4574 C.
1368 4523 1437 4575 D.ll.

387 4598 498 4649 'llromra
510 4599 642 4649 ecclesiam
654 4598 792 4662 dispersam
813 4615 885 4651 reno·
936 4601 966 4652 F.

386 4680 492 4739 raverit,
506 4679 537 4729 G.
969 4681 979 4712 ⁶
993 4677 1121 4747 ρΙινίὸιιε]
1141 4680 1263 4746 plurimis,
1276 4681 1310 4732 A.
1321 4682 1352 4733 B.
1361 4683 1391 4734 C.
1403 4682 1436 4733 D.

419 4757 429 4790 ²
439 4755 606 4823 facultatem]
625 4757 826 4822 possibilitatem,
840 4760 874 4809 A.
938 4761 967 4809 ll.
979 4759 1008 4808 F.
1022 4759 1053 4810 G.

419 4841 430 4873 ³
446 4845 470 4888 el
482 4837 579 4903 terras]
600 4853 649 4888 om.
663 4839 696 4888 Α.
972 4835 983 4868 ⁶
1000 4837 1065 4904 lass]
1080 4845 1175 4900 tamen,
1187 4841 1222 4890 Δ.
1235 4842 1266 4892 C.
1278 4841 1309 4892 F.
1320 4841 1352 4893 Gr
