3454 5816
448 861 513 928 ato
691 866 857 918 uxoreae
879 863 1054 914 unaarum
1077 862 1272 913 onnoxrcna

490 1059 625 1144 Septem
647 1055 743 1123 annis
766 1055 912 1141 regimen
934 1053 1033 1140 digne
1056 1051 1264 1138 gubemavit,

490 1161 582 1225 Tunc
597 1159 640 1224 ad
655 1158 816 1222 Austrum
832 1156 940 1233 rediit,
956 1156 1036 1220 dum
1051 1175 1131 1240 gens
1147 1174 1257 1240 regem
1273 1147 1431 1216 stravit.
1494 1143 1541 1204 10

492 1264 547 1328 Sic
569 1267 699 1349 pastore
722 1259 855 1347 proprio
878 1259 971 1324 sedes
993 1256 1162 1334 viduatur,

491 1365 643 1451 Triginta
666 1361 832 1430 continuis
855 1361 953 1426 annis
976 1364 1156 1445 occupatur

493 1467 572 1531 Tres
595 1487 653 1552 per·
676 1465 908 1550 suffraganeos,
930 1462 1056 1527 scilicet
1079 1461 1310 1536 Oolmarmum,

494 1568 664 1633 Aidanum
687 1564 831 1641 insimul,
854 1570 956 1650 atque
979 1563 1158 1629 Finianum
1170 1588 1178 1644 ;

496 1671 561 1736 Sed
585 1674 659 1754 post
682 1666 867 1732 Strenshall
890 1667 1017 1750 synodo
1038 1666 1092 1751 pie
1115 1665 1285 1744 celebrata,
1492 1663 1538 1723 15

496 1773 526 1836 A
549 1771 634 1836 clero
657 1791 732 1834 cum
756 1768 878 1855 populo
901 1767 960 1831 lite
979 1767 1050 1852 jam
1072 1767 1196 1846 sedata,

496 1871 672 1936 Wilfridus
695 1871 837 1956 eligitur,
861 1869 964 1934 abbas
987 1869 1193 1954 Riponensis,
1437 1867 1477 1930 ii.

497 1979 608 2062 Atque
631 1975 751 2062 praesul
774 1974 896 2038 dicitur
914 1973 986 2058 jam
1009 1973 1242 2038 Eboracensis:

499 2078 565 2144 Sed
588 2077 668 2142 dum
690 2077 745 2142 hic
767 2077 803 2140 in
827 2075 946 2141 Galliis
969 2075 1090 2161 praesul
1113 2079 1330 2152 consecratur,

499 2179 613 2246 Gadda
636 2179 676 2242 de
701 2177 872 2242 Hiberniis
895 2197 974 2242 mox
996 2177 1218 2244 intronizatur
1230 2202 1238 2258 ;

499 2284 581 2348 Fere
604 2302 663 2367 per
685 2280 866 2346 triennium
889 2299 1003 2344 curam
1025 2279 1238 2357 ministravit,

499 2385 613 2451 Donec
635 2405 694 2468 per
717 2382 924 2446 Theodorum
948 2380 1094 2446 monitus
1118 2382 1267 2458 cessavit,

501 2487 545 2550 Et
567 2484 722 2548 Wilfrido
745 2481 878 2567 piraeauli
902 2479 1000 2566 digno
1023 2481 1132 2545 sedem
1156 2483 1260 2559 cessit,

501 2587 642 2653 Fraudis
665 2585 762 2650 factae
785 2583 914 2648 nescius
937 2583 974 2646 in
998 2582 1163 2648 Litchfeld
1187 2587 1327 2650 secessit.

501 2691 594 2754 Tunc
616 2686 790 2752 Wilsridus
814 2684 965 2770 pontifex
989 2685 1065 2776 sede
1089 2685 1293 2765 sublimatur,

502 2792 631 2878 Dignus
654 2789 689 2852 in
713 2786 867 2872 operibus
890 2787 1017 2851 cunctis
1040 2787 1245 2872 praedicetur.

504 2893 545 2956 In
569 2892 678 2978 Ripon
702 2889 870 2956 ecclesiam
894 2889 935 2954 de
957 2909 1044 2954 novo
1067 2889 1233 2968 fundavit,

504 2995 549 3058 Et
572 2995 608 3057 in
631 2981 762 3056 Hexam
785 2989 925 3055 alteram
947 2991 1001 3076 pie
1024 2992 1207 3056 renovavit.

503 3097 602 3160 Anno
626 3092 863 3158 terno-decimo
886 3093 938 3156 sui
961 3092 1166 3178 praesulatus,

505 3199 536 3260 A
559 3217 634 3281 rege
658 3193 860 3279 nequissimo
883 3193 950 3257 fuit
972 3193 1135 3258 exulatus
1473 3197 1519 3260 30

505 3298 585 3364 Post
607 3298 679 3362 haec
701 3319 759 3382 per
782 3295 990 3360 Theodorum
1012 3295 1099 3360 Bosa
1120 3302 1336 3375 consecratur,
1428 3297 1479 3362 iii.

506 3401 548 3465 In
570 3398 718 3464 Willridi
741 3397 932 3463 cathedram
955 3398 1022 3463 cito
1044 3397 1250 3465 sublimatur.

505 3503 681 3568 Deirorum
706 3501 839 3565 interim
863 3521 976 3566 curam
1000 3501 1213 3578 ministravit,

505 3605 586 3670 Fere
609 3625 666 3690 per
689 3603 885 3669 decennium
908 3603 1018 3668 aedem
1041 3605 1233 3690 occupavit;

505 3706 627 3771 Alfridi
651 3704 813 3792 principio
836 3703 923 3791 regis
946 3704 1134 3791 expiravit;

506 3809 672 3875 Eboracus
695 3811 863 3873 mortuum
886 3827 1003 3894 corpus
1026 3807 1215 3874 tumulavit

506 3912 681 3978 Wilfridus
703 3933 724 3976 a
745 3911 854 3997 patria
877 3909 1146 3998 exul.fugitavit,

507 4014 639 4080 Damna
660 4013 707 4079 sic
729 4013 905 4099 opprobria
927 4013 1034 4080 multa
1056 4013 1220 4080 toleravit.

508 4117 577 4181 Alii
599 4115 766 4182 antistites
788 4115 901 4202 procul
925 4116 1096 4182 venientes

509 4218 590 4304 Ejus
614 4217 790 4282 intrusorie
814 4217 924 4283 aedem
947 4223 1027 4283 sunt
1048 4223 1207 4304 regentes.

509 4320 602 4385 Tunc
623 4319 667 4384 ad
688 4319 913 4405 Apostolicam
936 4320 1045 4385 aedem
1067 4319 1259 4406 appellavit,

510 4423 616 4488 Victis
638 4421 836 4488 adversariis
859 4443 946 4509 papa
968 4423 1186 4490 remandavit.

510 4524 619 4588 Armis
641 4525 787 4611 quinque
810 4531 925 4610 postea
947 4547 1079 4590 rursum
1102 4525 1268 4602 exulabat,

513 4625 557 4690 Et
580 4647 639 4712 per
661 4647 765 4693 annos
788 4627 961 4695 tresdecim
984 4627 1099 4714 pulsus
1122 4629 1294 4714 evagabat.
