3410 5840
666 905 712 956 ιι,
736 905 884 956 oswssn.
1237 886 1300 948 509

251 1105 281 1160 et
303 1102 413 1160 lintheo
432 1107 555 1176 tergere,
572 1103 705 1160 menibus
728 1121 833 1175 equom
856 1103 986 1170 tundere,
1003 1103 1134 1158 denarios
1162 1102 1299 1175 praebero,
1314 1103 1357 1153 the
1369 1103 1420 1155 feet
1432 1104 1459 1154 of

251 1192 347 1250 eibum
368 1199 398 1250 et
417 1199 519 1266 potum
534 1194 667 1268 opposite
689 1211 789 1250 mense
810 1193 1010 1264 ministrare,⁸
1002 1212 1032 1250 ιιι
1050 1193 1159 1251 Pesohe
1173 1194 1302 1250 vestibus
1315 1172 1454 1301 mlgffn

251 1283 335 1338 novis
367 1283 493 1350 indutos,
517 1301 569 1358 per
591 1283 703 1402 eliqupt
732 1283 832 1342 dies
824 1301 856 1340 m
878 1282 960 1342 serie
988 1301 1041 1340 sus
1070 1300 1167 1338 seeum
1198 1253 1349 1340 heberep.

251 1363 430 1432 consuevit.
476 1373 567 1434 Nullo
589 1391 655 1430 eum
667 1363 856 1430 ¹iufirmitoe
879 1372 1006 1444 eorporis
1029 1373 1065 1431 eb
1088 1372 1152 1428 istis
1175 1373 1301 1428 retardo·

252 1461 387 1528 benesed
409 1481 466 1536 qno
489 1481 520 1520 se
542 1480 660 1538 corpore
682 1462 825 1522 sentiebat
847 1463 1026 1533 debiliorem,
1049 1480 1084 1518 eo
1106 1461 1163 1518 sibi
1185 1463 1222 1520 sd
1244 1481 1301 1518 ser·

252 1551 390 1608 siendum
413 1551 455 1608 eis
478 1552 539 1608 vim
562 1552 733 1610 validiorem
755 1553 886 1624 ingessit,

123 1709 129 1722 Ι
197 1671 203 1690 ι
299 1635 349 1698 19.
373 1641 428 1700 Die
460 1641 583 1714 quedem
618 1659 684 1698 cum
719 1643 778 1698 suis
812 1641 968 1700 orsterium
1000 1653 1155 1720 egressus
1190 1648 1220 1698 et
1249 1643 1303 1696 sub
1316 1643 1418 1696 oswald

159 1739 164 1750 ·
254 1747 319 1785 nere
342 1736 432 1797 stans,
456 1732 532 1788 soles
555 1733 705 1787 oculorum
728 1731 800 1788 oaelo
832 1731 1025 1788 intentissime
1049 1732 1122 1798 fixit,
1151 1731 1301 1788 Christum
1315 1725 1461 1828 ffundlffiffl

254 1820 291 1874 ed
307 1820 399 1890 Quem
422 1821 578 1877 anhelebat
608 1821 656 1894 pio
679 1821 764 1877 eorde
787 1825 817 1877 et
851 1839 900 1876 ere
934 1821 1076 1877 intentius
1100 1839 1192 1877 orans.
1239 1822 1302 1876 Noe
1390 1795 1419 1828 w
1436 1794 1470 1828 se'

254 1916 349 1966 emoto
380 1911 500 1976 lumino,
524 1917 557 1966 ut
587 1899 645 1978 flt,2
668 1911 726 1968 eito
750 1911 876 1975 deflexit,
900 1911 950 1966 sed
980 1911 1062 1984 quusi
1092 1911 1203 1984 aliquid
1232 1912 1302 1966 novi

254 2017 287 2054 οο
319 1999 489 2056 delectabile
523 2001 777 2074 contemplaretur,
813 2001 863 2056 nbi
902 2019 935 2056 ee
973 1992 1102 2067 fixerat,
1140 2001 1302 2056 diutissime

254 2089 311 2144 fixa
349 2089 474 2146 tenebat.
537 2081 731 2148 Seisoitetus
768 2087 880 2148 eutem
920 2081 1000 2166 quid
1041 2081 1187 2158 vidisset,
1230 2081 1300 2160 sit;

256 2179 274 2206 “
301 2179 458 2234 Considero
492 2197 549 2251 quo
572 2181 667 2249 tende,
692 2177 726 2236 et
749 2199 811 2236 oros
841 2181 933 2246 vobis,
964 2187 994 2236 et
1028 2195 1075 2236 me
1109 2186 1233 2244 tecente,
1257 2199 1303 2236 res

257 2270 275 2296 ‘⁶
302 2270 365 2341 ipss
395 2269 518 2326 noiebit.
574 2271 659 2326 Salus
696 2271 774 2326 enim
812 2275 931 2336 eterne,
970 2287 1023 2342 pre
1064 2287 1121 2341 que
1155 2256 1303 2342 huonsque

256 2359 275 2386 ‘⁸
301 2358 429 2414 leborsvi
455 2361 487 2414 in
503 2365 590 2433 terre,
614 2360 714 2426 instet,
746 2379 799 2415 neo
822 2365 890 2416 ente
912 2359 1049 2416 transibit
1072 2361 1199 2414 orostine
1229 2360 1300 2426 dies,

258 2448 277 2477 ‘⁴
302 2463 389 2520 quem
421 2467 468 2504 me
503 2451 533 2504 iu
566 2467 631 2506 eom
663 2449 806 2505 Dominus
840 2467 932 2515 meus,
960 2450 1036 2504 siout
1069 2449 1218 2520 pellicitus
1248 2455 1302 2513 est,

257 2539 276 2564 “
301 2537 494 2593 introducet.'’
540 2529 585 2596 Et
599 2551 763 2616 regressus
786 2541 817 2594 in
833 2535 1003 2605 oratorium,
1020 2539 1184 2594 oonroentis
1207 2539 1302 2594 frntri·

255 2627 319 2694 bus,
343 2627 476 2682 hortetur
499 2646 547 2684 eos
570 2629 736 2700 impendere
752 2629 807 2684 sibi
830 2628 1025 2688 ministerium
1041 2645 1130 2684 suerso
1156 2629 1304 2684 unctionis

257 2735 322 2772 oum
345 2717 452 2772 vietioo
475 2719 621 2774 Dominioi
644 2719 778 2792 corperis

90 2807 129 2855 ld
140 2821 182 2871 pp
195 2809 245 2857 37-
303 2799 354 2862 20.
379 2797 485 2864 Nocte
507 2800 667 2884 sequenti,
700 2807 848 2879 languoris
871 2809 915 2864 sui
939 2807 1011 2864 eblit
999 2814 1056 2874 t,us
1079 2807 1230 2864 ecclesium
1254 2799 1304 2862 in-
1319 2803 1443 2853 Oflwsld'fl

92 2879 115 2922 9·
257 2891 358 2964 treus,
398 2897 522 2952 officium
561 2887 717 2976 explevit,
755 2894 791 2954 et
828 2897 975 2954 residuum
1013 2889 1120 2956 noetis
1158 2889 1304 2976 spatium
1318 2871 1401 2920 99999

257 2985 372 3040 Divinis
395 2985 529 3044 leudibus
550 2987 697 3060 expendit.
743 2977 841 3044 Mene
864 2981 976 3043 euiem
999 2987 1084 3044 solito
1100 3003 1179 3044 more
1194 2987 1306 3042 lintheo

256 3075 441 3146 proeoinotus,
465 3075 553 3148 pedes
585 3093 745 3148 pauperum
777 3076 860 3144 levit,
884 3081 914 3134 et
948 3077 1081 3132 osculans
1103 3093 1151 3132 eos
1181 3073 1217 3133 et
1240 3073 1304 3132 ter-

257 3175 348 3240 gens,
359 3165 525 3236 quindeoim
541 3166 671 3238 psalmis,
682 3183 753 3238 quos
769 3166 846 3226 iuter
861 3165 957 3238 ipsum
972 3165 1168 3222 ministerium
1183 3167 1306 3238 psallere

257 3243 384 3310 solebat
417 3245 611 3323 decantetis
634 3253 794 3326 subjunxit,
828 3255 846 3284 ‘⁴
859 3255 960 3311 Gloria
991 3255 1083 3321 Patri,
1106 3261 1137 3311 et
1160 3255 1246 3322 Filio,
1270 3253 1305 3312 et

259 3341 382 3414 Spiritui
406 3338 542 3400 Sancto.”
584 3335 629 3401 Et
663 3363 729 3402 oum
762 3362 901 3418 pauperes
933 3345 1032 3400 solitos
1063 3345 1173 3417 grnties
1199 3357 1306 3402 assur·

257 3428 372 3508 gentes
404 3433 601 3502 exsolvissent,
637 3435 698 3506 ipse
730 3435 896 3490 dieeudo‘
901 3434 1046 3506 ‘Spiritui
1078 3435 1215 3502 Senote,”
1238 3441 1306 3490 ente

258 3539 419 3596 pauperum
451 3523 576 3596 pedes'
569 3541 599 3582 111
630 3541 734 3582 monus
757 3523 867 3580 Christi
891 3525 1026 3596 spiritum
1051 3524 1156 3580 emisit.
1206 3513 1308 3582 Cum·
1320 3523 1375 3572 'lhe
1388 3523 1462 3572 white

258 3623 322 3686 que
344 3601 388 3668 ed
418 3603 586 3670 eeclesiam
610 3625 709 3690 quem
732 3609 962 3672 construxerat
985 3605 1169 3672 deferretur
1191 3625 1307 3692 eorpus
1320 3591 1465 3718 &ioppen

258 3704 336 3788 erS,
360 3705 459 3770 nivea
489 3703 641 3772 columbe
674 3705 715 3770 de
748 3705 827 3773 offilo
857 3705 1066 3781 descendens
1097 3716 1231 3786 expensis
1253 3716 1308 3770 olis
1321 3722 1413 3772 ofllre.

259 3802 338 3858 lente
367 3803 446 3858 volnt
434 3807 467 3858 tu
499 3809 650 3876 protegere
681 3821 784 3875 corpus
807 3803 948 3860 antistitis
978 3793 1051 3860 viee
1081 3801 1139 3860 est.
1186 3804 1307 3874 Igueem

259 3909 372 3962 quoque
394 3891 539 3964 spheram,
563 3893 656 3950 iuster
678 3894 763 3958 souti,
787 3883 828 3949 de
863 3893 934 3950 caelo
959 3883 1084 3970 lapsam
1119 3911 1205 3966 super
1235 3893 1306 3950 sere-

258 3986 337 4036 trum
369 3982 567 4038 intuebantur.
614 3982 753 4054 Deposito
787 3979 900 4042 autem
935 3999 1032 4038 eorem
1064 3982 1150 4040 elteri
1173 3995 1307 4059 corpere

259 4066 382 4136 sancte,
406 4070 481 4126 risio
511 4089 582 4142 quse.
600 4071 748 4146 apperuit,
773 4072 855 4144 qussi
889 4073 985 4126 locum
1010 4072 1166 4144 designans
1199 4063 1308 4148 sepul-

258 4156 352 4228 turas,
401 4151 437 4216 in
475 4151 653 4218 australem
693 4151 837 4218 ecolesiae
887 4152 1018 4240 plegem
1066 4173 1166 4238 prope
1205 4152 1309 4218 altere

258 4251 405 4330 divertit,
428 4258 463 4317 et
485 4253 528 4319 ab
549 4263 640 4318 oeulis
664 4263 840 4320 intuentium
856 4253 1003 4320 evanuit.
1049 4253 1217 4320 Ailwinus
1232 4277 1309 4320 vero

258 4376 373 4434 eomes,
403 4360 480 4442 post
511 4355 639 4422 obitum
672 4355 778 4422 saneti
816 4355 880 4420 viri
915 4364 1009 4420 nimie
1043 4363 1138 4420 sordis
1169 4363 1309 4437 angustis

258 4463 293 4522 et
315 4455 424 4522 dolere
447 4477 587 4544 pressus,
603 4467 745 4522 universe
770 4467 965 4525 semiariani
989 4458 1184 4548 ingrediens,
1209 4459 1308 4526 Rem-

257 4560 353 4624 eseiae
375 4559 524 4624 ooeuobio
547 4559 696 4645 sepultus
719 4565 777 4624 est.

261 4737 394 4746 -—--
679 4735 786 4742 --..---

293 4835 301 4868 ¹
318 4835 384 4901 enne]
405 4843 497 4893 nmen,
510 4837 543 4886 A.
774 4833 779 4898 Ι
844 4833 854 4866 ⁹
864 4833 914 4900 fit]
934 4848 984 4884 om.
998 4835 1032 4885 Δ.
1087 4892 1091 4898 ἱ
