3454 5816
424 937 627 987 courmunn
650 939 695 988 nr
718 929 765 988 s'u
790 939 969 988 uunsowu
993 939 1141 993 sunnon
1250 931 1313 995 435

259 1124 377 1191 erexit.
422 1123 542 1190 Fertur
564 1125 652 1190 enim
676 1126 777 1191 istum
808 1117 1088 1214 archiepiscopum
1111 1133 1215 1196 tantae
1238 1151 1314 1198 auc-

258 1227 415 1306 toritatis,
446 1227 637 1306 literature,
671 1233 706 1294 et
728 1228 856 1315 ingenii
889 1229 1049 1309 extitisse,
1083 1233 1181 1317 quod,
1215 1234 1243 1298 si
1277 1234 1314 1298 in

258 1329 349 1396 curia
365 1329 514 1396 Romana
536 1331 690 1408 stetisset,
713 1352 860 1396 summus
882 1331 1034 1419 pontifex
1056 1332 1179 1401 firissct.

303 1433 371 1498 Iste
394 1432 658 1518 archiepiscopus
682 1435 830 1500 maneria
853 1456 913 1500 sua
927 1434 1105 1502 honorifice
1128 1439 1313 1517 renovavit,
1326 1461 1455 1530 Hisgtrts.

257 1555 295 1600 ac
317 1535 449 1602 diversa
471 1535 512 1602 de
535 1557 621 1601 novo
644 1536 830 1602 aedificavit.
878 1537 1028 1622 Cumque
1060 1538 1138 1604 huic
1170 1541 1313 1608 ecclesiae

258 1659 318 1725 per
399 1629 404 1636 ’
451 1659 555 1703 annos
586 1638 780 1724 praefuisset,
815 1659 954 1725 eamque
976 1640 1134 1706 nobiliter
1164 1643 1315 1722 rexisset,

392 1743 445 1808 die
469 1742 590 1808 mensis
763 1764 851 1809 anno
875 1745 1011 1810 Domini
1034 1761 1132 1810 uoco.
1166 1729 1168 1734 ’

259 1851 403 1910 stanno
426 1867 494 1910 suae
518 1843 745 1910 translationis
893 1898 900 1923 ,
925 1847 1101 1912 adsedem
1135 1847 1311 1915 Cantuari-

259 1969 369 2013 ensem
393 1952 444 2013 est
466 1946 657 2012 translatus.

304 2050 357 2114 Ex
379 2050 451 2135 ejus
475 2049 560 2115 dono
582 2055 633 2114 est
656 2049 691 2112 in
714 2048 849 2114 ecclesia
865 2049 1061 2117 Eboracensi
1085 2075 1188 2118 unum
1212 2055 1312 2120 vesti·
1326 2051 1413 2130 reios
1424 2053 1466 2104 “¹0

259 2157 408 2218 mentum
441 2151 641 2238 completum
680 2172 754 2216 cum
793 2150 900 2215 tribus
924 2153 1014 2238 capis
1060 2155 1101 2220 de
1147 2179 1313 2242 purpureo
1325 2121 1462 2238 trimis

258 2276 376 2342 panno.
424 2253 491 2320 Hic
525 2255 638 2339 itaque
672 2253 864 2319 caelaturam
896 2255 993 2318 navis
1026 2255 1131 2341 ipsius
1169 2259 1312 2324 ecclesiae

259 2357 446 2423 inferiorem
469 2356 575 2423 colore
598 2355 697 2420 niveo
720 2355 922 2421 nitidissimo
953 2357 1134 2424 illuminari
1168 2360 1254 2440 fecit,
1278 2368 1313 2426 et

260 2461 359 2526 etiam
383 2461 486 2526 nodos
518 2459 622 2546 ipsius
653 2481 733 2524 auro
765 2481 848 2544 puro
880 2459 1091 2548 praefulgenti
1125 2464 1314 2549 sumptibus
1422 2509 1424 2514 -

261 2562 329 2629 suis
352 2562 492 2649 propriis
515 2560 666 2628 deaurari
689 2560 778 2627 fecit.

305 2837 360 2904 Du
382 2837 578 2904 Wrcnssno
601 2838 723 2905 Borea
745 2855 1019 2905 sscmsnscoro
1043 2839 1271 2909 honrocus.

293 3031 607 3118 Quinquagesimus
641 3033 776 3118 primus,
799 3030 985 3097 Willelmus
1018 3033 1134 3108 Bothe,
1167 3035 1207 3098 de
1231 3036 1316 3121 epis·

261 3140 380 3220 copatu
414 3135 641 3200 Ooventriensi
676 3141 710 3198 et
735 3133 975 3199 Lichefeldensi
1007 3137 1050 3200 ad
1083 3136 1193 3200 sedem
1229 3137 1314 3202 Ebo-

261 3257 335 3300 rum
358 3241 408 3301 est
442 3235 633 3312 transistus,
665 3240 700 3300 et
733 3234 845 3300 xxiiia
869 3235 922 3300 die
955 3237 1078 3300 mensis
1101 3235 1314 3322 Septembris,
1414 3308 1419 3320 ,

261 3359 349 3403 anno
372 3338 507 3430 Domini
531 3355 710 3415 ncocctll,
734 3335 873 3423 pallium
897 3339 1049 3423 suscepit

308 3441 373 3507 Hic
396 3439 533 3527 itaque¹
556 3439 830 3526 archiepiscopus
854 3441 895 3505 de
917 3461 1035 3526 genere
1068 3440 1206 3505 militari
1238 3461 1311 3526 pro·
1325 3437 1456 3527 nducatefl

262 3549 400 3620 creatus,
419 3543 505 3628 juris
528 3547 562 3608 et
584 3542 771 3608 litterarum
795 3542 931 3628 peritus,
953 3543 988 3605 in
1011 3541 1142 3627 hospice
1166 3541 1311 3620 London,
1325 3503 1457 3619 &¹⁸7⁵

262 3651 380 3711 vocato
403 3645 528 3710 Graves
567 3644 617 3723 In,
651 3645 709 3709 diu
741 3645 843 3709 stetit.
890 3643 970 3708 Post
1006 3643 1068 3708 hoc
1100 3665 1177 3708 vero
1209 3665 1313 3710 sacer-

263 3747 346 3811 dotii
383 3747 505 3833 gradus
551 3747 699 3832 adeptus,
732 3746 907 3810 canonicus
946 3743 1088 3810 ecclesiae
1118 3745 1316 3811 cathedralis

264 3847 378 3914 Sancti
423 3847 518 3914 Pauli
551 3845 709 3912 Londoni
746 3852 797 3911 est
827 3846 969 3910 effectus.
1030 3845 1168 3925 Deinde,
1203 3849 1316 3934 paucis

264 3947 394 4020 effluxis
416 3949 521 4026 annis,
544 3949 581 4013 in
604 3953 770 4034 pastorem
796 3945 1053 4012 Coventrensem
1076 3952 1111 4012 et
1133 3947 1316 4014 Lioheseld-

261 4073 373 4116 ensem
396 4051 528 4128 electus,
550 4072 589 4115 ao
611 4054 726 4135 postea
747 4048 790 4115 ad
813 4048 922 4113 sedem
947 4049 1183 4114 Eboracensem
1206 4056 1315 4116 trans-

263 4153 351 4218 latus
374 4153 447 4218 fuit.
493 4152 559 4218 Hic
581 4173 660 4216 vero
686 4151 955 4238 archiepiscopus,
979 4173 1162 4237 pauperum
1185 4158 1434 4234 amatoressreat

262 4261 298 4321 et
319 4261 492 4342 protector,
516 4275 616 4320 onera
649 4253 780 4320 diversa
802 4259 837 4319 et
868 4253 1121 4320 amerciamenta
1152 4254 1188 4319 in
1222 4224 1449 4355 eunaffigssfflgss

262 4379 323 4423 sua
360 4379 419 4444 per
456 4357 648 4422 senescallos
694 4378 770 4422 suos
808 4355 999 4423 tenemibus
1037 4357 1104 4421 suis
1150 4357 1313 4443 imposita,

263 4462 375 4526 firmas
389 4467 424 4526 et
439 4461 553 4526 debita
570 4459 682 4547 egenis
697 4464 732 4525 et
747 4458 900 4544 inopibus
912 4458 1105 4524 multotiens
1120 4459 1316 4526 relaxabat³

264 4565 319 4630 vel
342 4564 475 4630 omnino
506 4561 737 4629 condonabat*
783 4561 849 4627 Hic
875 4563 994 4648 itaque,
1027 4563 1149 4627 nedum
1183 4563 1316 4629 vicariis

268 4716 385 4726 ’.α--
422 4715 606 4723 ---——--.—.
622 4717 628 4722 .
641 4715 788 4727 -φ-..ῇ

300 4787 307 4818 ¹
327 4787 429 4852 itaque]
451 4785 546 4852 utique,
558 4787 592 4836 H.
789 4783 796 4918 Ι
850 4785 861 4817 ³
879 4783 1028 4850 retexebat]
1048 4787 1181 4848 relaxavit,
1193 4789 1227 4838 Η.

299 4865 310 4898 ²
329 4863 450 4930 Loudon]
471 4880 521 4915 om.
533 4865 568 4914 H.
852 4864 862 4898 ⁴
879 4863 1050 4928 condmatut]
1070 4861 1229 4928 condonavit,
1242 4868 1276 4918 H.

1080 4973 1183 5036 ΕΗ
