3454 5816
626 911 673 960 ΒΥ
695 909 835 960 'molus
858 911 990 961 stBS.
1262 895 1324 956 421

270 1099 368 1165 rabili
391 1097 473 1164 artis
495 1095 673 1183 sculptura,
696 1101 797 1184 atque
829 1097 992 1162 notabili1
1026 1097 1157 1183 pictura
1190 1098 1326 1184 peregit,
1339 1119 1428 1185 virgin

270 1197 408 1287 ibiques
430 1195 673 1286 plurimorum³
694 1199 936 1265 venerabilium
971 1198 1165 1284 pontificum
1200 1199 1325 1284 praeda-
1339 1185 1423 1300 {aa
1449 1187 1496 1237 ¹³³⁵

271 1325 435 1368 sessorum
469 1323 603 1366 suorum
638 1323 774 1388 corpora
795 1323 816 1366 a
838 1301 938 1367 ohoro
972 1300 1123 1386 superius
1155 1267 1352 1378 translata,e
1371 1263 1453 1316 antry.

271 1405 412 1491 propriis
436 1403 587 1490 expensis
610 1402 711 1468 fecit*
733 1402 901 1479 tumulari,
929 1407 963 1467 et
986 1401 1109 1466 ibidem
1132 1422 1192 1487 pro
1214 1401 1326 1466 anima

271 1527 332 1572 sua
355 1512 389 1572 et
411 1506 585 1572 animabus
608 1506 756 1570 omniurn
783 1503 931 1570 fidelium
965 1503 1195 1568 defunctorum
1218 1503 1325 1588 capel-

271 1609 385 1678 lanum
408 1629 467 1694 pro
490 1628 549 1672 suo
564 1613 723 1693 perpetuo
739 1605 983 1672 celebraturum
999 1605 1182 1672 constituit.
1219 1604 1325 1684 Quem

273 1711 407 1796 quidem
439 1707 645 1796 capellanum
675 1729 815 1794 suosque
839 1728 1044 1783 successores,
1076 1705 1229 1771 habitum
1253 1728 1325 1792 per-

272 1811 417 1880 sonalem
440 1810 476 1874 in
498 1810 635 1877 eeclesia
657 1810 839 1876 cathedrali
862 1809 1022 1896 praedicta
1043 1813 1259 1895 gestaturum,
1283 1809 1325 1874 ad

273 1919 468 2001 perpetuam
490 1913 561 1999 ejus
584 1913 772 1979 memoriam
798 1912 989 2000 composuit,
1013 1910 1125 1976 domos
1145 1916 1180 1976 et
1202 1933 1327 1997 posses·

271 2017 387 2093 aiones,
402 2015 443 2080 de
458 2036 518 2080 suo
534 2015 667 2102 proprio
679 2013 879 2100 acquisitasl
891 2011 957 2101 [in]
976 2017 1170 2099 perpetuam
1188 2013 1325 2078 eleemo-

274 2139 400 2204 synam,
425 2117 581 2204 praedioto
612 2117 805 2204 presbytero
837 2121 872 2181 et
894 2116 1133 2182 successoribus
1164 2117 1233 2180 suis
1267 2138 1326 2202 pro

274 2241 333 2284 suo
355 2223 515 2306 perpetuo
537 2219 680 2285 contulit
702 2220 885 2284 duraturas.

319 2321 416 2388 Vixit
438 2327 550 2386 autern
565 2322 602 2386 in
624 2343 684 2387 suo
717 2321 1000 2408 archiepiscopatu
1026 2319 1223 2386 Eboraoensi
1255 2321 1323 2386 xxi.
1339 2322 1474 2402 Hindanu

274 2425 378 2501 aunis,
414 2447 470 2489 xx.
503 2424 625 2490 diebus.
673 2425 821 2490 Transiit
845 2429 957 2489 autem
980 2423 1021 2488 de
1053 2423 1115 2488 hoc
1136 2424 1260 2488 mundo
1282 2392 1485 2490 ad⁸¹¹db¹¹⁰⁸¹¹

274 2524 480 2590 Dominum⁶
518 2525 593 2591 die⁷
625 2525 802 2592 Dominioa
833 2526 868 2590 in
899 2525 984 2590 festo
1017 2525 1132 2590 Sancti
1165 2525 1327 2591 Leonardi

275 2627 405 2692 abbatis
428 2629 517 2715 apud
539 2627 650 2714 Thorp
668 2628 771 2713 juxta
803 2627 1005 2707 Eboracum3
1042 2626 1255 2713 sepultusque
1278 2635 1328 2693 est

200 2759 204 2768 ·
276 2749 384 2794 coram
422 2729 520 2796 altari
558 2730 671 2795 Beatae
709 2729 825 2795 Mariae
863 2729 1009 2815 Virginis
1039 2730 1076 2794 in
1110 2751 1197 2795 novo
1230 2752 1327 2817 opere
1373 2791 1374 2796 ,

276 2829 375 2908 chori,
399 2831 452 2897 die
474 2830 577 2909 Jovis,
593 2832 630 2896 in
646 2831 763 2918 vigilia
779 2829 892 2896 Sancti
911 2831 1059 2908 Martini,
1082 2851 1169 2896 anno
1193 2831 1328 2896 Domini

277 2949 502 3011 ucecuxxm„
525 2939 560 2998 et
581 2935 675 3020 regni
706 2933 793 3020 regis
815 2933 972 3000 Edwardi
1005 2932 1110 2998 Tertii
1142 2939 1218 3020 post
1250 2953 1328 2999 oon·

277 3041 443 3120 quaestum
464 3035 558 3101 xlvii.

278 3189 381 3196 *-

336 3257 458 3325 aotott'lt]
478 3259 565 3320 nobili,
577 3259 608 3312 Ο.
620 3259 654 3310 1).
862 3260 872 3290 ⁵
890 3259 1045 3325 mouimus]
1063 3257 1090 3308 in
1101 3260 1147 3309 im.
1162 3259 1191 3310 C.
1203 3259 1233 3310 n.

316 3337 435 3404 ²iln'pua]
457 3339 508 3399 ubi,
520 3339 567 3398 E.;
584 3347 620 3400 ut,
633 3339 662 3390 0.
862 3337 873 3371 ⁸
890 3338 1025 3388 Dominum
1042 3374 1049 3388 .
1068 3374 1074 3388 .
1093 3373 1099 3388 .
1117 3337 1233 3404 abbatia]
1278 3353 1329 3390 om.

310 3417 321 3452 ⁸
336 3419 515 3484 plurimorum]
534 3434 585 3469 om.
598 3419 630 3470 G.
831 3418 861 3470 C.
873 3417 903 3467 E.

311 3497 322 3529 ⁴
333 3495 415 3562 fecit]
435 3511 485 3548 orn.
498 3497 528 3546 Ε.
863 3494 873 3533 7
890 3495 932 3545 dia
949 3533 955 3546 .
974 3532 980 3546 .
998 3531 1005 3546 .
1022 3495 1109 3561 alvia]
1128 3511 1178 3546 om.
1191 3496 1220 3548 O.
