3586 5802
616 884 662 932 nr
685 881 788 934 nuos
810 884 880 933 rna
903 882 1076 932 casuros.
1301 865 1366 934 167

311 1065 402 1132 sione
433 1075 612 1158 cogeretur,
635 1089 836 1155 quamquam
867 1077 902 1134 et
935 1069 971 1134 in
994 1068 1090 1134 bonis
1124 1073 1256 1134 tantum
1290 1088 1364 1152 pro·
1378 1071 1431 1131 life,
1444 1071 1527 1121 unless

312 1170 419 1235 missis
443 1171 523 1236 fides
555 1173 601 1237 sit
623 1172 775 1248 tenenda,
799 1177 834 1238 et
863 1173 899 1236 in
931 1172 1027 1237 malis
1059 1170 1282 1246 rescindenda,
1305 1169 1363 1234 sed
1376 1137 1477 1254 {⁰53ss

311 1272 399 1358 quod
423 1322 429 1337 .
454 1323 461 1338 .
485 1324 492 1337 .
516 1323 523 1338 .
546 1273 626 1339 fecit
647 1280 708 1339 aut
731 1297 812 1340 sana
833 1273 1032 1352 conditione,
1048 1273 1259 1359 postmodum
1282 1272 1363 1336 satis

311 1372 438 1440 claruit.
476 1375 634 1442 Decrevit
656 1398 786 1462 quoque
810 1376 903 1440 etin
926 1375 1084 1461 Angliam
1107 1376 1249 1451 mittere,
1265 1379 1300 1439 et
1323 1374 1363 1438 de

310 1476 553 1564 archiepiscopo
576 1501 652 1545 enm
677 1479 837 1544 dissssire.

356 1579 580 1667 Interrogavit
601 1603 661 1646 rex
684 1581 712 1646 si
743 1581 852 1646 adhuc
874 1580 1012 1666 pallium
1044 1581 1095 1644 illi
1129 1582 1244 1646 datum
1268 1585 1360 1645 esset.
1376 1599 1436 1648 And
1449 1597 1527 1648 seizes

311 1679 396 1746 Aliis
418 1705 452 1747 se
475 1684 599 1749 nescire
622 1683 816 1760 dicentibus,
839 1684 897 1769 qui
920 1683 1012 1769 prius
1035 1683 1105 1769 regi
1128 1684 1259 1749 dixerat
1274 1683 1363 1768 quod
1376 1661 1418 1716 his
1431 1671 1530 1714 estates.

311 1805 332 1847 a
353 1806 440 1871 papa
462 1807 529 1850 non
552 1792 804 1863 consecraretur,
828 1792 862 1851 et
883 1808 974 1852 nunc
997 1785 1047 1850 illi
1070 1787 1159 1850 dixit
1181 1787 1268 1872 quod
1292 1787 1364 1872 pal-

312 1885 393 1950 lium
432 1909 499 1953 non
528 1888 666 1954 haberet
697 1890 801 1954 donec
832 1911 890 1975 per
921 1889 1126 1975 provinciam
1158 1911 1252 1959 suam
1287 1890 1362 1972 (ire)

311 1987 451 2054 facultas
482 1991 513 2054 ci
544 1992 730 2056 donaretur.
787 1991 884 2070 Quod
918 2012 1011 2077 aeque
1042 2013 1157 2055 verum
1173 1991 1263 2076 luit,
1287 2011 1365 2056 nam
1378 1999 1480 2076 Toretin

229 2115 231 2121 ⁴
313 2091 366 2156 dic
389 2091 450 2154 xii⁰
465 2099 540 2178 post
563 2093 841 2159 consecrationem
865 2093 968 2178 ipsius
985 2092 1123 2179 pellium
1140 2095 1293 2179 suscepit,
1309 2093 1366 2157 sed
1379 2081 1492 2196 {fisseffif

313 2195 343 2261 ei
366 2194 469 2261 celare
488 2195 619 2281 jussum
643 2200 694 2260 est
717 2195 873 2280 quoniam
896 2215 983 2281 papa
1005 2195 1041 2259 in
1065 2195 1206 2260 Francia
1228 2201 1322 2260 esset.

357 2296 631 2383 Arcbiepiscopus
670 2319 748 2362 veno
783 2294 895 2362 noster
930 2296 1069 2362 sollicite
1104 2297 1276 2373 laboravit,
1310 2317 1368 2382 per
1382 2313 1529 2389 Hetriesto

314 2398 484 2464 dominum
509 2398 676 2464 Cononem
701 2398 943 2464 Praenestinum
966 2399 1154 2485 episcopum
1178 2405 1212 2463 et
1234 2380 1539 2496 caeteroeffffffffif'ut

314 2501 503 2578 cardinales,
519 2502 688 2588 requirens
705 2502 862 2587 quatinus
886 2502 1039 2565 dominus
1062 2523 1148 2586 papa
1170 2502 1368 2587 colloquium
1381 2511 1444 2561 view
1458 2514 1500 2562 be-

314 2603 384 2690 regi
407 2604 590 2690 Anglorum
622 2609 793 2682 statueret,
817 2604 904 2668 diem
928 2610 963 2668 et
993 2603 1100 2669 locum
1135 2603 1184 2668 illi
1208 2581 1515 2709 praemanffifflif

315 2707 405 2783 dans,
429 2707 465 2770 in
488 2729 553 2792 quo
576 2707 617 2771 de
641 2706 818 2772 formanda
840 2728 920 2792 pace
950 2707 1038 2771 inter
1061 2706 1170 2791 ipsum
1194 2710 1229 2770 et
1260 2727 1368 2792 regern
1383 2712 1480 2776 Henry.

316 2807 515 2874 Francorum
553 2831 759 2894 summopere
801 2808 990 2886 laboraret;
1028 2829 1167 2894 quorum
1206 2807 1370 2872 discordia

316 2909 475 2974 diuturna
512 2909 627 2975 multis
665 2915 701 2975 et
734 2909 874 2974 nimium
913 2911 1071 2974 damnosa
1109 2915 1143 2973 et
1180 2909 1372 2974 calamitosa

316 3010 474 3076 extiterat
485 3035 494 3090 ;
525 3017 560 3076 et
594 3011 678 3076 bene
712 3033 879 3075 summum
912 3011 1103 3096 pontificem
1136 3011 1248 3077 decere
1284 3013 1371 3076 inter
1384 3025 1480 3076 Onthe

315 3119 427 3178 tantos
450 3135 540 3200 reges
564 3119 598 3178 et
620 3113 706 3180 filios
722 3135 797 3180 suos
820 3113 1008 3200 spirituales
1032 3133 1145 3202 pacem
1167 3135 1368 3200 componere.
1384 3093 1482 3155 ΡΜ

318 3214 480 3301 Sperabat
502 3215 603 3280 etiam
627 3215 656 3278 si
689 3236 774 3300 papa
797 3214 866 3301 regi
897 3213 1096 3300 loqueretur,
1120 3219 1189 3280 tam
1218 3216 1369 3300 precibus
1382 3159 1488 3288 peqppg

316 3321 386 3381 tem
420 3315 602 3395 blanditiis,
635 3316 688 3381 vel
720 3317 833 3404 aliquo
866 3317 972 3394 modo,
1004 3317 1134 3383 facilius
1168 3339 1243 3382 eum
1275 3339 1368 3404 posse
1381 3293 1500 3424 ffi'ffi

316 3417 526 3486 reconciliari
566 3418 662 3524 quod
685 3419 806 3485 iterum
829 3420 1016 3505 iterumque
1034 3425 1068 3486 et
1090 3441 1177 3506 saepe
1192 3419 1368 3505 requirens,
1382 3425 1541 3475 morumne.

316 3521 376 3584 vix
398 3520 533 3585 tandem
564 3519 712 3586 obtinuit
724 3546 731 3601 ;
754 3543 893 3607 cumque
925 3521 1078 3587 dominus
1108 3542 1195 3608 papa
1218 3523 1259 3586 de
1283 3522 1369 3588 Oon-
1383 3517 1488 3566 Turstin

316 3622 393 3688 cilio
430 3621 559 3688 rediens
598 3645 713 3688 versus
748 3623 989 3689 Normanniam
1023 3623 1162 3700 veniret,
1197 3625 1370 3689 mandavit
1383 3585 1435 3700 iii?
1437 3585 1531 3716 {⁸511ssss

316 3725 386 3810 regi
413 3723 498 3788 velle
521 3724 611 3810 loqui
643 3724 692 3788 illi
716 3724 770 3790 die
793 3729 829 3789 et
859 3725 929 3790 loco
953 3725 1134 3812 designato,
1157 3730 1192 3789 et
1214 3747 1274 3790 rex
1296 3748 1370 3810 gra·
1383 3733 1441 3832 ἢ]
1453 3719 1513 3832 bedt

316 3833 427 3894 tanter
449 3827 576 3892 annuit.
1383 3799 1482 3914 ligiis
1515 3799 1530 3832 ⁰

362 3929 406 3996 Et
443 3951 518 3996 cum
556 3934 642 3994 esset
680 3927 814 3995 Belvaci
852 3929 946 3994 dedit
982 3928 1225 4014 archiepiscopo
1257 3915 1441 3996 nostroffim·

316 4033 429 4099 literas
460 4033 503 4098 ad
535 4032 758 4118 suffraganeos
791 4033 959 4118 episcopos
996 4053 1081 4111 suos,
1120 4053 1194 4116 quae
1232 4031 1370 4099 fuerunt

317 4134 485 4221 exemplar
507 4134 656 4200 istarum.

356 4363 477 4432 Literae
500 4365 647 4452 ejusdem
678 4387 773 4452 papae
796 4365 838 4430 ad
871 4365 1039 4452 episcopos
1072 4386 1184 4432 omnes
1219 4365 1347 4444 Scotiaa,

471 4469 621 4536 subditos
644 4469 787 4536 ecclesiae
810 4471 985 4556 metropoli
1009 4470 1213 4536 Eboracensi.

361 4647 517 4715 Collatus
539 4629 857 4736 episcopusservus
880 4671 1053 4716 servornm
1075 4649 1147 4730 Dei,
1172 4649 1372 4714 venerabili·
1386 4653 1541 4705 calixtusss.

317 4749 377 4817 beta
393 4749 567 4838 frutribus
582 4749 795 4836 Rpompto]
823 4749 1056 4829 Dunelnwosi,
1073 4749 1284 4836 R[odolpbo]
1312 4751 1371 4817 Or·
1385 4721 1526 4854 ffigffl

1385 4855 1504 4905 olYork.
