3606 5798
437 883 502 949 298
716 897 957 946 mscnumum
979 897 1154 948 ausurum
1177 898 1220 948 ro

168 1069 171 1076 Δ
268 1108 292 1154 5.
309 1103 399 1169 fleury
483 1077 622 1164 QUINTO
645 1081 807 1167 ponimus,
830 1079 979 1160 dicimus,
1002 1084 1194 1169 excipimus,
1218 1089 1253 1148 et
1275 1083 1415 1169 probare
1437 1083 1489 1148 in·

267 1181 381 1290 ffiard
391 1245 419 1288 w
437 1186 613 1262 tendimus,
635 1183 735 1249 iidem
760 1189 995 1270 procuratores,
1019 1185 1076 1270 qui
1118 1205 1227 1271 supra,
1258 1192 1373 1251 contra
1407 1206 1490 1271 prse-

270 1305 419 1356 Pontefreet
438 1288 564 1353 dictum
615 1286 786 1352 dominum
832 1286 1025 1363 Henricurn,
1081 1287 1169 1372 quod
1210 1286 1299 1351 idem
1337 1286 1490 1352 dominus

269 1372 416 1487 gippeaanc
440 1388 605 1454 Henricus
628 1407 704 1453 cum
726 1386 853 1452 caeteris
887 1387 956 1450 suis
981 1387 1174 1465 fautoribus,
1209 1375 1298 1453 mala
1328 1387 1426 1452 malis
1457 1391 1491 1452 et

268 1503 366 1568 oruelly
438 1490 550 1577 pejora
572 1489 739 1575 pejoribus
762 1509 890 1573 semper
921 1489 1175 1566 accumulantes
1207 1489 1490 1568 nefandissimum,

268 1570 348 1620 ΗΜ
361 1569 422 1619 rum.
436 1592 723 1660 sceleratissimum
755 1595 790 1654 et
821 1611 841 1654 a
872 1589 1001 1655 saeculis
1038 1591 1227 1656 inauditum
1259 1595 1492 1678 perpetrarunt

435 1695 574 1771 facinus,
608 1697 643 1758 et
674 1691 893 1777 expleverunt
926 1691 1061 1758 factum.
1108 1691 1198 1756 Nam
1229 1698 1414 1778 postquam,
1449 1698 1489 1757 ut

436 1796 586 1882 superius
609 1795 763 1871 diximus,
784 1792 980 1878 praedictum
1004 1798 1154 1858 nostrum
1177 1815 1287 1880 regem
1309 1793 1489 1858 Ricardum

360 1883 362 1892 ’
435 1901 615 1964 tenuerunt
638 1901 673 1960 εὴ
694 1896 990 1972 incarceraverunt,
1014 1899 1049 1959 et
1062 1915 1163 1983 regno
1186 1916 1246 1961 suo
1268 1895 1488 1981 privaverunt

436 2006 470 2066 et
493 1999 733 2084 deposuenmt·;
759 1996 812 2060 his
834 1997 940 2074 malis,
963 1995 1094 2061 damnis
1117 2002 1151 2061 et
1185 1997 1317 2082 injuriis
1350 1996 1414 2061 sibi
1437 1997 1487 2060 in·

435 2101 634 2176 humaniter,
657 2103 691 2163 et
724 2102 839 2164 contra
872 2103 1027 2164 naturam
1057 2099 1161 2164 illatis
1195 2105 1229 2164 et
1263 2097 1425 2184 irrogatis,
1448 2099 1490 2163 iis

436 2202 630 2267 nouaclum
653 2200 809 2278 contenti,
825 2199 1102 2266 verumetiam'ad
1128 2205 1274 2266 castrum
1296 2201 1337 2266 de
1361 2200 1488 2266 Pount·

436 2305 501 2370 fret
523 2309 558 2369 et
580 2325 655 2368 eum
678 2303 896 2380 deduxerunt,
920 2307 955 2367 et
977 2302 1014 2365 in
1044 2301 1159 2366 eodem
1183 2307 1365 2387 posuerunt
1379 2308 1414 2367 et
1436 2302 1487 2366 in·

436 2409 704 2483 carceraverunt3
734 2403 793 2468 ubi
807 2403 963 2480 breviter,
978 2407 1019 2478 ut
1040 2402 1224 2488 vulgariter
1238 2403 1370 2480 dicitur,
1394 2403 1491 2488 quin·

437 2507 542 2573 decim
565 2506 636 2570 dies
657 2511 691 2570 et
713 2505 854 2570 totidem
876 2509 989 2570 noctes
1023 2505 1060 2574 ,in
1082 2504 1178 2582 farne,
1209 2505 1276 2584 siti,
1300 2510 1334 2571 et
1365 2504 1487 2592 frigore

436 2612 645 2674 vexaverunt
660 2611 695 2672 ct
717 2607 960 2684 crucifixerunt,
995 2610 1029 2670 et
1060 2606 1196 2671 tandem
1227 2612 1333 2672 morte
1365 2607 1496 2693 turpis.

438 2711 530 2788 sima,
552 2703 661 2775 adhuc
682 2730 782 2794 regno
805 2706 1065 2793 nostroAngliae
1080 2707 1213 2792 penitus
1236 2709 1415 2795 incognita,
1431 2709 1488 2776 sed
1544 2751 1547 2758 ·

438 2812 547 2898 gratia
579 2810 705 2876 Divina
739 2811 866 2874 diutius
897 2830 965 2874 non
1001 2808 1146 2888 celanda,
1182 2810 1424 2876 interemerunt
1456 2815 1491 2876 et

439 2915 635 2980 occiderunt.
690 2913 782 2993 Quia,
819 2933 939 2998 quaeso,
984 2911 1153 2998 unquam1
1190 2913 1322 2979 audivit
1367 2914 1492 2980 factum

269 3045 402 3096 Themer-
438 3016 528 3081 talet
557 3020 618 3081 aut
651 3015 726 3100 quis
760 3015 848 3080 vidit
881 3014 959 3080 huic
992 3014 1124 3080 simile?
1168 3014 1227 3092 Tu,
1251 3017 1308 3102 qui
1331 3015 1491 3102 Anglicus

270 3113 315 3162 ‘¹²‘
326 3111 347 3160 ³⁸
359 3127 414 3188 ⁸1³5>
441 3139 475 3184 es
493 3123 528 3183 et
549 3117 654 3194 audie,
678 3117 880 3202 obstupesce.
926 3116 985 3193 Tu,
1009 3117 1067 3201 qui
1090 3117 1183 3182 vides
1206 3121 1241 3182 et
1263 3117 1423 3204 Anglicus
1446 3139 1489 3194 es,

268 3177 503 3296 pgprppuanhffibi
526 3219 654 3304 plorare
677 3223 728 3283 est
749 3222 900 3283 necesso!
946 3217 1006 3295 Tu,
1028 3217 1087 3302 qui
1109 3217 1172 3284 hoc
1194 3217 1328 3304 cogitas,
1354 3223 1390 3283 et
1420 3219 1489 3282 An-

438 3321 544 3408 glicus
574 3341 616 3396 es,
655 3319 792 3384 infreme
829 3324 864 3384 et
882 3368 884 3372 -
901 3319 1096 3405 ingemisce!
1142 3319 1172 3384 Ο
1206 3319 1349 3386 Domine
1386 3319 1491 3385 Jhesu

439 3423 589 3488 Christe!
611 3421 686 3507 quis
701 3421 834 3486 timebit
849 3421 993 3486 occidere
1008 3442 1214 3486 communem
1230 3421 1284 3486 vel
1298 3441 1484 3507 pauperem,

439 3546 513 3590 cum
536 3524 593 3588 isti
616 3543 684 3587 non
706 3521 871 3588 timebant
893 3522 1039 3588 occidere
1062 3527 1131 3586 tam
1155 3522 1300 3587 nobiiem
1323 3519 1358 3588 et
1391 3543 1490 3609 gene·

438 3647 549 3690 rosum
571 3623 778 3710 principem?
824 3623 915 3702 Quis,
939 3643 1058 3708 quaeso,
1075 3625 1248 3690 decaetero
1282 3625 1415 3690 timebit
1438 3645 1489 3690 oc·

440 3727 548 3792 cidere
574 3727 797 3812 cujuscunque
822 3725 946 3789 ordinis
980 3725 1033 3790 vel
1069 3730 1176 3790 status
1208 3725 1384 3802 hominem,
1415 3747 1490 3791 cum

440 3829 498 3893 isti
513 3849 581 3894 non
595 3827 759 3893 timebant
774 3827 956 3891 interficere
979 3848 1096 3891 verum
1122 3849 1219 3891 suum
1242 3849 1361 3914 regem,
1384 3847 1489 3894 sacro-

440 3952 504 4016 que
542 3934 655 3995 sancto
693 3929 843 4013 crismate
880 3932 1019 3992 unctum
1056 3934 1091 3994 et
1127 3933 1376 3996 consecratum?
1421 3929 1492 3994 Aut

440 4033 514 4116 quis
537 4033 578 4097 de
601 4035 719 4097 caetero
741 4029 911 4094 verebitur
932 4030 1087 4095 mutilare
1109 4031 1249 4117 alicujus
1282 4031 1391 4096 filium
1413 4031 1490 4095 sim·

441 4134 545 4220 plicis,
579 4155 654 4200 cum
697 4133 754 4198 isti
786 4153 853 4197 non
885 4133 1173 4198 confundebantur
1205 4135 1359 4200 mutilare
1382 4133 1489 4198 filium

440 4236 597 4301 Edwardi
622 4241 692 4300 tam
714 4235 834 4299 nobilis
861 4235 1018 4320 principis
1042 4233 1198 4300 Warliaer
1244 4235 1349 4322 Surge
1379 4237 1491 4322 igitur,

439 4337 570 4422 Anglia,
602 4337 639 4400 in
671 4357 809 4414 causam,
844 4337 1046 4421 sanguinem,
1077 4336 1241 4420 injuriam,
1280 4343 1315 4402 et
1351 4343 1492 4404 mortem

441 4439 527 4524 regis
550 4438 611 4514 tui,
633 4437 670 4501 in
693 4443 752 4503 tua
774 4457 913 4523 persona
934 4437 1082 4502 celeriter
1104 4437 1293 4503 vindicare!
1342 4437 1437 4518 Quod
1460 4440 1489 4503 si

439 4561 507 4604 non
528 4539 650 4616 feceris,
666 4541 748 4606 scito
771 4540 859 4626 quod
883 4539 973 4606 Deus
995 4559 1093 4606 verus
1116 4545 1151 4606 et
1160 4541 1274 4626 justus
1288 4561 1346 4628 per
1368 4541 1491 4607 atienae

806 4791 814 4824 ¹
831 4792 952 4858 urracam]
973 4807 1022 4843 om.
1036 4792 1070 4842 A.
