3586 5802
414 857 478 922 186
570 870 723 920 nrsrour
746 870 791 920 or
814 871 908 921 roua
931 871 1171 922 Aacnersnors
1193 871 1237 921 or
1259 871 1355 920 roex

412 1056 576 1124 1100111111
598 1062 836 1137 mrseoretaoi,
859 1056 1039 1146 suscipies,
1061 1065 1091 1125 et
1112 1058 1156 1126 iri
1187 1057 1367 1126 0001001100
1399 1059 1469 1126 sibi

414 1158 619 1228 Ebmecersi
652 1159 788 1228 00010010
810 1159 919 1248 quiete
939 1161 1057 1248 facim
1087 1160 1301 1248 inposterum
1328 1183 1467 1248 perauc-

245 1281 339 1333 orders
350 1277 403 1329 him
414 1285 515 1344 ποτ-0,·
547 1284 607 1328 rtec
637 1268 683 1328 tot
719 1261 846 1329 Christi
879 1284 949 1328 ores
981 1262 1118 1330 atreus
1148 1263 1290 1350 proprii
1316 1264 1468 1351 pastoris

243 1348 385 1464 ffiffllto
415 1387 526 1432 cerere
555 1364 675 1430 solatio
703 1355 932 1451 patierisne
966 1364 1126 1452 ipsorum
1153 1365 1350 1450 periculam
1381 1388 1405 1432 a
1437 1373 1467 1433 te

242 1479 334 1530 husee
414 1468 606 1536 districtius
630 1491 653 1534 a
675 1491 809 1536 santrio
831 1469 956 1534 Jadice
977 1468 1187 1556 requiratur,
1210 1468 1274 1555 qui
1297 1490 1351 1535 eas
1370 1468 1467 1554 hepo·

243 1547 382 1598 mm·
411 1595 495 1639 rum
517 1571 673 1638 (1001111101
695 1570 884 1637 trimodus
906 1569 1045 1658 reponis
1077 1570 1164 1637 dari
1186 1571 1233 1637 od
1250 1593 1467 1638 001001000-

412 1673 544 1742 toeiiom
570 1671 782 1762 pestor[ert],
806 1672 892 1758 [cai]
916 1679 962 1740 est
988 1672 1185 1760 propriora,
1217 1673 1365 1740 accedere
1394 1695 1468 1739 000

407 1775 591 1866 permittis.
1324 1817 1331 1827 ·

457 1880 552 1944 Misit
573 1884 608 1944 et
623 1878 776 1946 dominus
792 1877 883 1944 Oono
898 1878 1012 1944 literas
1035 1900 1120 1956 suas,
1135 1879 1257 1965 quibus
1279 1879 1466 1946 mandando

411 1982 611 2070 praemonuit
644 1987 678 2047 et
715 1981 810 2066 quasi
848 1981 1072 2066 praemunivit,
1103 2001 1232 2047 necnon
1270 1982 1467 2048 omnimodis

413 2085 579 2171 [hortatus
606 2089 665 2161 est,
687 2080 764 2167 ut]³
786 2082 956 2148 dominum
990 2103 1112 2170 papam
1146 2083 1286 2148 audiret.
1332 2084 1468 2150 Auditis

412 2208 473 2252 rex
505 2185 612 2251 literis
644 2184 770 2250 domini
804 2205 899 2270 papae
934 2190 969 2249 et
1002 2184 1112 2270 legati,
1151 2206 1193 2264 se,
1227 2185 1319 2271 prius
1350 2186 1466 2253 habito

242 2296 299 2346 The
310 2295 386 2374 king,
413 2310 489 2356 cum
524 2289 602 2354 suis.
623 2287 768 2366 consilio,
792 2287 881 2352 dixit
915 2307 1158 2372 responsurum.
1215 2287 1260 2353 Et
1293 2309 1368 2354 cum
1406 2289 1468 2356 hoc

242 2363 401 2480 ffigffl}
413 2391 513 2458 semel
552 2395 586 2455 et
622 2390 744 2454 iterum
783 2394 817 2453 et
855 2388 954 2453 tertio
992 2389 1254 2474 procrastinaret,
1292 2390 1395 2474 abbas
1432 2397 1467 2456 ct

241 2496 264 2546 is
274 2498 382 2548 warner.
412 2494 506 2560 Prior
528 2493 686 2558 dixerunt
701 2491 768 2556 illi:
792 2491 960 2556 “Domine
983 2512 1050 2569 rex,
1065 2490 1149 2557 utile
1165 2497 1200 2557 et
1223 2490 1376 2559 decorum
1390 2515 1467 2560 con-

412 2596 565 2662 “silium
587 2595 735 2680 accipite,
762 2594 867 2660 sciens
898 2599 1069 2678 procerte
1102 2595 1191 2678 quod
1213 2615 1281 2659 non
1312 2617 1371 2682 pro
1405 2595 1469 2662 hac

411 2707 429 2736 “
452 2721 487 2766 re
522 2699 676 2783 deinceps
707 2697 821 2762 literas
853 2697 1054 2781 precatorias
1088 2695 1274 2762 videbitis.’'
1320 2697 1468 2763 Tandem

411 2824 470 2868 rex
502 2801 591 2866 dixit
623 2821 658 2864 se
693 2797 778 2864 velle
813 2797 922 2882 legato
954 2796 1097 2881 colloqui
1130 2803 1165 2862 et
1198 2797 1270 2882 ejus
1293 2799 1468 2864 consilium

410 2904 512 2990 sequi.
560 2902 685 2967 Tamen
708 2904 843 2986 propter
864 2898 993 2984 aliquas
1016 2919 1131 2965 causas
1153 2899 1377 2986 praecedentes
1400 2922 1468 2966 non

413 3027 483 3072 sese
505 3005 648 3071 invicem
671 3002 836 3069 amabant.

242 3117 391 3168 Abreaate
458 3109 628 3174 Abeuntes
651 3105 760 3192 legato
783 3105 830 3171 sic
851 3103 1137 3170 renuntiavenmt
1183 3101 1245 3169 Ille
1278 3102 1362 3170 hene
1395 3105 1468 3170 ani-

243 3185 386 3302 ffision
414 3225 524 3278 mosus
546 3209 653 3286 homo,
675 3229 710 3272 se
732 3228 800 3274 non
822 3227 936 3274 curare
958 3206 1044 3293 regis
1066 3205 1265 3292 colloquium
1280 3207 1470 3292 respondit;

243 3319 355 3368 between
415 3321 449 3382 et
471 3313 542 3380 illi:
575 3311 757 3376 “Fortasse
794 3331 838 3375 ex
869 3309 996 3375 astutia
1029 3309 1126 3388 dixit,
1159 3309 1248 3394 quod
1285 3329 1345 3374 vos
1379 3309 1469 3375 nolle

241 3386 368 3500 ἓξὲξ,
414 3425 431 3453 “
454 3413 568 3481 venire
590 3412 751 3490 credebat,
774 3411 932 3498 quatinus
963 3433 1007 3476 ex
1037 3411 1100 3478 hoc
1121 3415 1267 3498 {sumpta
1299 3411 1468 3478 occasione

243 3517 363 3567 d0r⁸²¹¹<1
414 3525 432 3555 “
455 3517 589 3583 domino
611 3535 705 3602 papae
728 3514 868 3600 objicere
891 3518 992 3599 queat
1014 3512 1088 3578 ideo
1122 3517 1286 3598 praecepto
1309 3533 1368 3578 suo
1401 3534 1469 3580 non

244 3582 342 3634 ⁰⁰¹¹⁰n'
414 3629 430 3657 “
454 3619 610 3696 obedisse,
634 3617 722 3703 quod
745 3615 874 3702 legatus
896 3637 976 3680 suus
999 3615 1090 3701 loqui
1113 3615 1145 3679 ei
1167 3614 1365 3700 dedignatus
1391 3637 1468 3682 cum

412 3731 429 3760 “
451 3723 522 3808 ipse
545 3719 630 3786 velle
653 3718 825 3786 consilium
848 3717 920 3803 ejus
943 3717 1020 3782 inde
1042 3716 1164 3784 habere
1186 3717 1411 3798 mandaverat,
1434 3725 1470 3786 et

412 3832 429 3861 “
451 3844 512 3911 pro
543 3827 691 3908 tempore
728 3820 905 3886 adversum
942 3841 978 3886 se
1015 3818 1143 3905 aliquid
1175 3841 1235 3906 pro
1269 3821 1376 3888 amico
1408 3843 1468 3890 suo

411 3935 429 3966 “
452 3925 619 4014 agendum
642 3930 701 3992 est.
747 3923 801 3988 Ex
828 3929 940 3988 vestra
962 3922 1179 3990 collocutione
1202 3944 1262 4010 per
1284 3924 1348 3990 Dei
1369 3927 1470 4012 ,11111-

412 4029 536 4094 “lium
566 4027 672 4094 amico
704 4029 814 4090 vestro
846 4023 1092 4112 archiepiscopo
1122 4025 1293 4091 restitutio
1324 4032 1360 4093 et
1402 4049 1469 4116 pax

412 4139 428 4168 “
451 4130 625 4218 provenire
647 4125 783 4216 potest.’'

243 4247 391 4314 Ameeting
463 4235 519 4302 Sic
540 4232 607 4298 illis
637 4229 924 4317 persuadentibus,
946 4251 985 4296 00
1006 4217 1241 4316 acquiescente,
1266 4231 1470 4298 destinatum

243 4315 365 4366 ΜΝ·
417 4341 468 4403 est
489 4333 689 4419 colloquium
715 4333 805 4419 apud
827 4331 1029 4410 Vercionem,
1051 4331 1229 4400 Dominica
1250 4338 1326 4420 post
1347 4333 1471 4402 Ascen-

244 4388 328 4430 tween

243 4445 394 4579 &idem
417 4438 550 4514 sionem,
573 4456 649 4522 rege
672 4435 852 4502 mandante
883 4435 972 4521 quod
1003 4434 1267 4524 archiepiscopus
1300 4436 1348 4504 sic
1369 4459 1471 4524 prope

420 4613 564 4622 .-,-..-.--
574 4613 583 4618 -
587 4611 833 4620 —-----—-...—-

450 4712 594 4763 ltortutcs
612 4721 648 4762 est
666 4713 707 4780 ut]
746 4714 841 4765 Added
868 4721 895 4766 tc
918 4713 1042 4779 complete
1064 4712 1109 4764 the
1133 4727 1214 4763 sense.
1250 4712 1336 4764 There
1349 4711 1372 4764 is
1393 4727 1474 4766 some·

413 4791 487 4862 thing
499 4790 605 4844 omitted
615 4791 683 4843 hare.
