3606 5798
563 913 607 963 uo
629 910 799 964 cnmst
821 911 859 965 11.
880 907 996 961 iscus
1017 903 1176 958 suasus.
1325 888 1390 954 235

350 1108 468 1167 sarna
501 1112 628 1177 auomre,
666 1107 828 1181 subjectos:
861 1101 897 1165 et
932 1097 1021 1164 idem
1053 1097 1089 1162 in
1127 1091 1406 1182 Responsionibus

180 1208 214 1261 H.
226 1207 256 1261 E.
266 1206 285 1259 i.
298 1191 395 1260 atad
418 1190 571 1266 eundem,
593 1191 663 1257 itu:
701 1199 738 1255 In
761 1197 924 1255 Galliarum
945 1196 1088 1270 episcopis
1118 1196 1232 1252 nullam
1257 1193 1314 1250 tibi
1336 1185 1557 1251 auo-Annona

350 1289 500 1346 toritatem
539 1288 716 1362 tribuimus3
759 1287 978 1344 Britanniarum
1007 1303 1077 1344 vero
1114 1303 1214 1343 omnes
1257 1283 1406 1384 episcopos
1417 1253 1564 1386 ffizstgne

349 1384 409 1436 tuce
432 1379 610 1436 fraternitati
644 1377 864 1444 committimus,
887 1383 922 1433 ut
952 1375 1063 1433 indocti
1097 1376 1266 1442 doceantur,
1296 1373 1534 1436 infirmovortho

349 1469 536 1541 persuasione
585 1467 768 1534 roborentur,
809 1466 938 1539 perversi
989 1466 1162 1522 auctoritate
1215 1464 1406 1535 corrigantur.
1419 1452 1517 1530 Bsilissh

350 1549 544 1615 Britannias
566 1549 731 1634 siquidem
745 1547 920 1634 pluraliter
934 1547 1081 1634 appellat
1103 1551 1238 1632 propter
1260 1545 1406 1610 diversas
1419 1519 1533 1586 bnhops.

351 1651 500 1737 ejusdem
543 1651 661 1717 insulae
693 1651 882 1738 provincias
920 1655 955 1716 et
991 1650 1181 1736 linguarum
1219 1647 1407 1712 divisiones.

353 1754 445 1820 Beda
476 1773 620 1840 namque
651 1775 726 1820 cum
758 1753 942 1820 Britanniae
974 1752 1171 1838 qualitatem
1198 1749 1406 1827 describeret,

354 1853 437 1919 Haeo,
460 1843 581 1929 inquit,
603 1843 713 1909 insula
744 1853 776 1907 in
810 1851 949 1924 praesenti
976 1850 1062 1922 juxta
1082 1868 1237 1907 numerum
1269 1849 1409 1903 librorum

353 1942 459 2014 quibus
482 1943 528 1998 lex
545 1943 653 1998 Divina
675 1942 783 2014 scripta
805 1942 1005 2013 autquinque
1027 1941 1160 2012 gentium
1183 1939 1304 2011 linguis,
1320 1954 1410 1994 unam

353 2032 532 2104 eandemque
565 2050 686 2088 summm
718 2032 851 2088 ueritatis
882 2036 913 2086 ot
934 2049 1011 2088 verae
1045 2030 1227 2086 sullimitatis
1257 2027 1410 2085 scientiam

353 2126 499 2176 scrutatur
520 2125 551 2178 et
581 2121 746 2188 confitetur,
769 2121 934 2192 Anglorum
956 2120 1104 2186 videlicet,
1136 2120 1302 2184 Britonum,
1327 2117 1409 2174 Scot-
1422 2114 1477 2166 The
1489 2113 1563 2166 Scot-

352 2215 460 2278 torum,
485 2209 643 2278 Pictorum,
667 2216 697 2268 et
720 2211 900 2276 latinorum,
924 2228 989 2283 quae
1023 2209 1213 2266 meditatione
1245 2181 1570 2312 Sfflipmm'ffiffihe

354 2317 420 2355 rum
443 2301 556 2356 caeteris
578 2301 713 2356 omuibus
736 2306 780 2356 est
811 2300 888 2356 facta
910 2300 1079 2356 communis.
1127 2289 1220 2355 Idem
1250 2289 1287 2352 in
1308 2285 1410 2353 tertio
1421 2314 1524 2366 Brisa,

186 2394 341 2449 usna
354 2380 502 2466 ejusdem
524 2379 683 2447 Historiae
706 2379 812 2446 libro:
843 2389 986 2462 Denique,
1016 2379 1135 2464 inquit,
1158 2405 1258 2444 omnes
1277 2386 1411 2442 nationes

354 2484 384 2534 et
406 2479 570 2552 provincias
593 2479 765 2546 Britanniae,
782 2497 847 2551 quae
863 2478 895 2534 in
918 2483 1041 2552 quatuor
1063 2478 1189 2550 linguas,
1213 2477 1245 2532 id
1267 2481 1321 2542 est,
1345 2473 1412 2530 Bri·

353 2573 467 2634 tonum,
503 2568 661 2635 Pictorum,
686 2569 862 2634 Scottorum,
894 2573 925 2624 et
945 2567 1110 2639 Anglorum
1132 2567 1234 2622 divisa
1266 2569 1345 2632 suut,
1379 2563 1413 2618 in

354 2657 497 2714 ditionem
536 2648 711 2715 Oswaldus
746 2658 867 2730 accepit.
913 2647 959 2713 Et
992 2669 1217 2734 saepenumero
1251 2646 1339 2711 idem
1375 2645 1413 2709 in

354 2751 470 2816 eodem
495 2749 667 2817 volumine
689 2750 864 2816 evidenter
886 2749 1067 2836 distinguit
1089 2749 1178 2843 inter
1201 2747 1332 2815 Scottos
1354 2751 1413 2832 qui

354 2852 573 2930 Britanniam,
596 2858 631 2918 et
653 2853 726 2918 illos
741 2853 800 2938 qui
816 2851 967 2918 incolunt
990 2851 1195 2918 Hiberniam.
1234 2850 1413 2938 Episcopos

355 2955 461 3040 igitur
482 2953 604 3020 Scotiae
626 2955 751 3020 Beatus
774 2954 955 3040 Gregorius
987 2953 1211 3041 suffraganeos
1234 2951 1411 3040 deputavit

358 3054 608 3122 cantuariensis
642 3057 797 3134 ecolesiae,
831 3057 906 3123 illos
931 3079 1010 3126 sane
1043 3058 1211 3124 duntaxat
1242 3057 1301 3123 illa
1322 3057 1413 3144 Apo·

358 3157 484 3225 stolicae
515 3159 603 3224 sedis
640 3159 840 3226 auctoritate
876 3159 1064 3245 decernens,
1103 3162 1162 3246 qui
1200 3165 1279 3227 ante
1314 3158 1411 3225 Beati

358 3259 542 3346 Augustini
572 3260 757 3326 adventum
788 3261 825 3326 in
855 3261 1014 3349 Angliam
1056 3261 1099 3328 ab
1131 3262 1211 3328 olim
1244 3261 1411 3329 conversis

359 3361 552 3428 Britonibus
589 3367 625 3428 et
662 3361 785 3429 Scottis
823 3363 1086 3430 instituebantur
1122 3364 1299 3431 antistites.
1359 3364 1527 3446 neruu-

361 3464 491 3550 quibus,
513 3466 554 3528 ut
575 3463 624 3529 ibi
646 3463 778 3550 legitur,
800 3464 960 3551 plurimos
981 3465 1193 3553 Augustinus
1215 3467 1253 3530 in
1275 3464 1410 3531 exordio
1423 3436 1583 3552 ζζῖᾞζῖ

190 3563 306 3618 ΗΜ.
319 3569 342 3616 a.
361 3554 568 3640 episcopatus
599 3554 652 3618 sui
684 3564 855 3620 convocavit
884 3564 923 3619 ud
956 3565 1132 3638 colloquium
1166 3583 1261 3631 suum,
1284 3565 1576 3644 fraternatnesmish

360 3651 559 3709 admonitione
580 3643 730 3720 suadens,
753 3657 788 3708 ut
808 3670 879 3725 pace
901 3653 1052 3710 Oatholioa
1082 3672 1180 3710 secum
1202 3655 1312 3720 habita,
1335 3669 1414 3709 com-
1425 3633 1538 3699 διε11095·

361 3759 480 3798 munem
511 3741 732 3814 evangelizandi
763 3743 900 3814 genubus
931 3761 985 3814 pro
1007 3744 1133 3800 Domino
1164 3743 1292 3800 laborem
1323 3747 1414 3802 susci·

360 3835 472 3903 perant.
504 3829 561 3901 Qui
584 3848 661 3898 cum,
685 3831 774 3902 longa
796 3831 993 3904 disputatione
1015 3833 1125 3898 habita,
1157 3825 1346 3911 Augustino
1380 3831 1415 3892 et

361 3911 457 3978 sociis
480 3917 543 3992 ejus
565 3938 715 3977 assensum
730 3921 859 3994 praebere
881 3911 1075 3990 noluissent,
1090 3913 1226 3980 tandem
1242 3915 1414 4002 utn'usque

360 4013 465 4100 partis
497 4013 671 4079 concordia
703 4034 811 4080 coccus
845 4013 1022 4081 adducitur
1056 4015 1092 4080 ia
1129 4016 1283 4096 medium,
1318 4019 1413 4105 cujus

361 4115 606 4181 illuminatione
652 4114 837 4202 conjectum
876 4120 927 4181 est
963 4137 1043 4182 vera
1091 4140 1160 4184 esse
1209 4140 1413 4208 quaecunque

361 4218 571 4304 Augustinus
602 4218 783 4284 astruebat.
840 4217 1002 4284 Attamen
1035 4219 1102 4284 illi·
1117 4221 1166 4286 nil
1196 4220 1316 4288 horum
1339 4245 1413 4310 quae

361 4321 595 4387 astruebantur
617 4343 652 4387 se
673 4319 826 4398 facturos,
841 4341 950 4407 neque
970 4321 1067 4387 illum
1089 4344 1149 4410 pro
1170 4324 1415 4416 archiepiscopo

361 4422 535 4488 habituros
572 4444 642 4489 esse
679 4422 930 4510 respondebant.
991 4423 1092 4491 Unde
1128 4425 1253 4492 factum
1284 4434 1336 4495 est
1366 4435 1415 4510 ut,
1484 4485 1488 4496 .

362 4523 541 4590 minitante
578 4529 613 4590 et
649 4525 850 4611 praedicente
883 4525 1081 4614 Augustino,
1104 4549 1173 4594 suae
1206 4532 1417 4617 postmodum

363 4647 439 4692 cum
471 4625 540 4690 suis
572 4625 802 4713 gravismmam
833 4630 1028 4712 paterentur
1060 4649 1233 4697 censuram
1255 4633 1416 4717 perversi-

363 4730 454 4807 tatis,
491 4729 570 4816 quia
614 4730 742 4796 utiliter
778 4729 958 4798 noluerunt
994 4731 1127 4799 obedire
1163 4733 1418 4824 allegationibus

364 4833 525 4900 veritatis.
571 4831 616 4898 Et
654 4833 695 4900 de
726 4831 906 4902 Laurentio
936 4855 1119 4907 successore
1152 4836 1336 4927 Augustini
1367 4839 1417 4905 ita
